<?xml version="1.0" encoding="UTF-8"?>
<!DOCTYPE html PUBLIC "-//W3C//DTD XHTML 1.0 Transitional//EN"
    "http://www.w3.org/TR/xhtml1/DTD/xhtml1-transitional.dtd">
<html xmlns="http://www.w3.org/1999/xhtml" xml:lang="en" lang="en">
 <head>
  <title>
</title>
<meta http-equiv="Content-Type" content="text/html;charset=utf-8" />
  <meta name='ocr-system' content='tesseract 3.04.00' />
  <meta name='ocr-capabilities' content='ocr_page ocr_carea ocr_par ocr_line ocrx_word'/>
</head>
<body>
  <div class='ocr_page' id='page_1' title='image "./tentamenhydroph01lynggoog_0137.png"; bbox 0 0 4525 5842; ppageno 0'>
   <div class='ocr_carea' id='block_1_1' title="bbox 474 375 1637 480">
    <p class='ocr_par' dir='ltr' id='par_1_1' title="bbox 474 375 1637 480">
     <span class='ocr_line' id='line_1_1' title="bbox 474 375 1637 480; baseline 0.007 -33"><span class='ocrx_word' id='word_1_1' title='bbox 474 376 647 450; x_wconf 80' lang='lat' dir='ltr'><strong>sueno</strong></span> <span class='ocrx_word' id='word_1_2' title='bbox 670 375 918 451; x_wconf 70' lang='lat' dir='ltr'><strong>sncunnn</strong></span> <span class='ocrx_word' id='word_1_3' title='bbox 955 380 1323 458; x_wconf 75' lang='lat' dir='ltr'><strong>oscumronm</strong></span> <span class='ocrx_word' id='word_1_4' title='bbox 1584 399 1637 480; x_wconf 75' lang='lat'><strong>93</strong></span> 
     </span>
    </p>
   </div>
   <div class='ocr_carea' id='block_1_2' title="bbox 236 571 1746 983">
    <p class='ocr_par' dir='ltr' id='par_1_2' title="bbox 236 571 1746 880">
     <span class='ocr_line' id='line_1_2' title="bbox 237 571 1684 680; baseline 0.009 -32"><span class='ocrx_word' id='word_1_5' title='bbox 237 599 455 677; x_wconf 83' lang='lat' dir='ltr'><strong>proreptant,</strong></span> <span class='ocrx_word' id='word_1_6' title='bbox 481 605 580 670; x_wconf 86' lang='lat' dir='ltr'><strong>qvam</strong></span> <span class='ocrx_word' id='word_1_7' title='bbox 600 582 703 650; x_wconf 88' lang='lat' dir='ltr'><strong>denso</strong></span> <span class='ocrx_word' id='word_1_8' title='bbox 729 587 878 675; x_wconf 74' lang='lat' dir='ltr'><strong>cuspite,</strong></span> <span class='ocrx_word' id='word_1_9' title='bbox 908 606 1050 653; x_wconf 84' lang='lat' dir='ltr'><strong>saturata</strong></span> <span class='ocrx_word' id='word_1_10' title='bbox 1072 571 1198 669; x_wconf 81' lang='lat' dir='ltr'><strong>viridi,</strong></span> <span class='ocrx_word' id='word_1_11' title='bbox 1214 614 1277 679; x_wconf 85' lang='lat' dir='ltr'><strong>per</strong></span> <span class='ocrx_word' id='word_1_12' title='bbox 1299 585 1411 678; x_wconf 88' lang='lat' dir='ltr'><strong>plures</strong></span> <span class='ocrx_word' id='word_1_13' title='bbox 1432 611 1548 680; x_wconf 75' lang='lat' dir='ltr'><strong>orgyas</strong></span> <span class='ocrx_word' id='word_1_14' title='bbox 1572 593 1684 660; x_wconf 75' lang='lat' dir='ltr'><strong>didu-</strong></span> 
     </span>
     <span class='ocr_line' id='line_1_3' title="bbox 237 683 1746 783; baseline 0.005 -28"><span class='ocrx_word' id='word_1_15' title='bbox 237 707 336 768; x_wconf 87' lang='lat' dir='ltr'><strong>cunt,</strong></span> <span class='ocrx_word' id='word_1_16' title='bbox 369 705 402 753; x_wconf 91' lang='lat' dir='ltr'><strong>et</strong></span> <span class='ocrx_word' id='word_1_17' title='bbox 416 705 483 753; x_wconf 83' lang='lat' dir='ltr'><strong>tam</strong></span> <span class='ocrx_word' id='word_1_18' title='bbox 495 683 656 751; x_wconf 87' lang='lat' dir='ltr'><strong>lubricam</strong></span> <span class='ocrx_word' id='word_1_19' title='bbox 669 688 831 770; x_wconf 87' lang='lat' dir='ltr'><strong>reddunt,</strong></span> <span class='ocrx_word' id='word_1_20' title='bbox 856 707 893 754; x_wconf 89' lang='lat' dir='ltr'><strong>nt</strong></span> <span class='ocrx_word' id='word_1_21' title='bbox 913 709 1025 757; x_wconf 87' lang='lat' dir='ltr'><strong>caveat</strong></span> <span class='ocrx_word' id='word_1_22' title='bbox 1046 693 1107 756; x_wconf 87' lang='lat' dir='ltr'><strong>sibi</strong></span> <span class='ocrx_word' id='word_1_23' title='bbox 1130 694 1313 774; x_wconf 73' lang='lat' dir='ltr'>ingressor,</span> <span class='ocrx_word' id='word_1_24' title='bbox 1338 718 1380 758; x_wconf 88' lang='lat' dir='ltr'><strong>ne</strong></span> <span class='ocrx_word' id='word_1_25' title='bbox 1401 691 1541 783; x_wconf 87' lang='lat' dir='ltr'><strong>pedibus</strong></span> <span class='ocrx_word' id='word_1_26' title='bbox 1564 698 1681 762; x_wconf 82' lang='lat' dir='ltr'><strong>titubet</strong></span> <span class='ocrx_word' id='word_1_27' title='bbox 1744 683 1746 686; x_wconf 22' lang='grc' dir='ltr'>Ι</span> 
     </span>
     <span class='ocr_line' id='line_1_4' title="bbox 236 789 1680 880; baseline 0.007 -23"><span class='ocrx_word' id='word_1_28' title='bbox 236 810 335 880; x_wconf 86' lang='lat' dir='ltr'><strong>atqve</strong></span> <span class='ocrx_word' id='word_1_29' title='bbox 350 791 463 872; x_wconf 68' lang='lat' dir='ltr'><strong>cadat,</strong></span> <span class='ocrx_word' id='word_1_30' title='bbox 488 791 566 854; x_wconf 89' lang='lat' dir='ltr'><strong>huic</strong></span> <span class='ocrx_word' id='word_1_31' title='bbox 580 789 760 856; x_wconf 76' lang='lat' dir='ltr'><strong>lubricitati</strong></span> <span class='ocrx_word' id='word_1_32' title='bbox 776 795 889 875; x_wconf 83' lang='lat' dir='ltr'><strong>vagina</strong></span> <span class='ocrx_word' id='word_1_33' title='bbox 905 795 974 859; x_wconf 88' lang='lat' dir='ltr'><strong>sine</strong></span> <span class='ocrx_word' id='word_1_34' title='bbox 989 794 1092 862; x_wconf 90' lang='lat' dir='ltr'><strong>dubio</strong></span> <span class='ocrx_word' id='word_1_35' title='bbox 1116 796 1152 858; x_wconf 91' lang='lat' dir='ltr'><strong>in</strong></span> <span class='ocrx_word' id='word_1_36' title='bbox 1175 819 1270 861; x_wconf 88' lang='lat' dir='ltr'><strong>causa</strong></span> <span class='ocrx_word' id='word_1_37' title='bbox 1294 813 1354 861; x_wconf 80' lang='lat' dir='ltr'><strong>est.</strong></span> <span class='ocrx_word' id='word_1_38' title='bbox 1399 797 1485 863; x_wconf 81' lang='lat' dir='ltr'><strong>Vere</strong></span> <span class='ocrx_word' id='word_1_39' title='bbox 1508 816 1541 864; x_wconf 88' lang='lat' dir='ltr'><strong>et</strong></span> <span class='ocrx_word' id='word_1_40' title='bbox 1561 818 1680 866; x_wconf 85' lang='lat' dir='ltr'><strong>aestate.</strong></span> 
     </span>
    </p>

    <p class='ocr_par' dir='ltr' id='par_1_3' title="bbox 238 891 1075 983">
     <span class='ocr_line' id='line_1_5' title="bbox 238 891 1075 983; baseline 0.002 -22"><span class='ocrx_word' id='word_1_41' title='bbox 238 931 280 946; x_wconf 91' lang='lat'>-</span> <span class='ocrx_word' id='word_1_42' title='bbox 302 896 450 974; x_wconf 73' lang='lat' dir='ltr'><strong>Charta,</strong></span> <span class='ocrx_word' id='word_1_43' title='bbox 470 891 618 960; x_wconf 87' lang='lat' dir='ltr'><strong>asabulo</strong></span> <span class='ocrx_word' id='word_1_44' title='bbox 634 912 790 983; x_wconf 81' lang='lat' dir='ltr'><strong>purgata,</strong></span> <span class='ocrx_word' id='word_1_45' title='bbox 814 897 898 966; x_wconf 85' lang='lat' dir='ltr'><strong>bene</strong></span> <span class='ocrx_word' id='word_1_46' title='bbox 919 897 1075 963; x_wconf 76' lang='lat' dir='ltr'><strong>adhaeret.</strong></span> 
     </span>
    </p>
   </div>
   <div class='ocr_carea' id='block_1_3' title="bbox 148 1043 1768 3921">
    <p class='ocr_par' dir='ltr' id='par_1_4' title="bbox 148 1043 1695 3006">
     <span class='ocr_line' id='line_1_6' title="bbox 148 1043 1679 1140; baseline 0.008 -32"><span class='ocrx_word' id='word_1_47' title='bbox 148 1043 249 1114; x_wconf 86' lang='lat' dir='ltr'>OBS.</span> <span class='ocrx_word' id='word_1_48' title='bbox 296 1046 404 1132; x_wconf 87' lang='lat' dir='ltr'><strong>Qvam</strong></span> <span class='ocrx_word' id='word_1_49' title='bbox 418 1044 495 1108; x_wconf 88' lang='lat' dir='ltr'><strong>huic</strong></span> <span class='ocrx_word' id='word_1_50' title='bbox 514 1044 634 1133; x_wconf 89' lang='lat' dir='ltr'><strong>speciei</strong></span> <span class='ocrx_word' id='word_1_51' title='bbox 649 1043 726 1109; x_wconf 89' lang='lat' dir='ltr'><strong>dedi</strong></span> <span class='ocrx_word' id='word_1_52' title='bbox 749 1043 931 1138; x_wconf 82' lang='lat' dir='ltr'><strong>diagnosiu</strong></span> <span class='ocrx_word' id='word_1_53' title='bbox 944 1047 984 1140; x_wconf 83' lang='lat' dir='ltr'><strong>ab</strong></span> <span class='ocrx_word' id='word_1_54' title='bbox 1009 1072 1061 1127; x_wconf 88' lang='lat' dir='ltr'><strong>ea,</strong></span> <span class='ocrx_word' id='word_1_55' title='bbox 1089 1071 1160 1137; x_wconf 80' lang='lat' dir='ltr'><strong>qvae</strong></span> <span class='ocrx_word' id='word_1_56' title='bbox 1181 1050 1216 1113; x_wconf 92' lang='lat' dir='ltr'><strong>in</strong></span> <span class='ocrx_word' id='word_1_57' title='bbox 1237 1049 1336 1116; x_wconf 89' lang='lat' dir='ltr'><strong>Flora</strong></span> <span class='ocrx_word' id='word_1_58' title='bbox 1357 1048 1472 1116; x_wconf 89' lang='lat' dir='ltr'><strong>danica</strong></span> <span class='ocrx_word' id='word_1_59' title='bbox 1497 1052 1679 1135; x_wconf 82' lang='lat' dir='ltr'><strong>exhibetur,</strong></span> 
     </span>
     <span class='ocr_line' id='line_1_7' title="bbox 243 1148 1681 1237; baseline 0.007 -23"><span class='ocrx_word' id='word_1_60' title='bbox 243 1148 371 1214; x_wconf 82' lang='lat' dir='ltr'><strong>differre</strong></span> <span class='ocrx_word' id='word_1_61' title='bbox 395 1149 641 1237; x_wconf 88' lang='lat' dir='ltr'><strong>comparatione</strong></span> <span class='ocrx_word' id='word_1_62' title='bbox 661 1149 803 1237; x_wconf 69' lang='lat' dir='ltr'><strong>patebit,</strong></span> <span class='ocrx_word' id='word_1_63' title='bbox 829 1171 904 1214; x_wconf 82' lang='lat' dir='ltr'><strong>cunr</strong></span> <span class='ocrx_word' id='word_1_64' title='bbox 923 1168 1038 1216; x_wconf 88' lang='lat' dir='ltr'><strong>natura</strong></span> <span class='ocrx_word' id='word_1_65' title='bbox 1060 1175 1140 1218; x_wconf 88' lang='lat' dir='ltr'><strong>vero</strong></span> <span class='ocrx_word' id='word_1_66' title='bbox 1164 1155 1365 1234; x_wconf 89' lang='lat' dir='ltr'><strong>consentire,</strong></span> <span class='ocrx_word' id='word_1_67' title='bbox 1399 1156 1681 1224; x_wconf 87' lang='lat' dir='ltr'><strong>observationibus</strong></span> 
     </span>
     <span class='ocr_line' id='line_1_8' title="bbox 240 1252 1680 1348; baseline 0.006 -30"><span class='ocrx_word' id='word_1_68' title='bbox 240 1254 484 1342; x_wconf 87' lang='lat' dir='ltr'><strong>microscopicis</strong></span> <span class='ocrx_word' id='word_1_69' title='bbox 499 1252 669 1316; x_wconf 81' lang='lat' dir='ltr'><strong>constabit.</strong></span> <span class='ocrx_word' id='word_1_70' title='bbox 717 1252 889 1316; x_wconf 87' lang='lat' dir='ltr'><strong>Interdum</strong></span> <span class='ocrx_word' id='word_1_71' title='bbox 902 1252 991 1318; x_wconf 91' lang='lat' dir='ltr'><strong>nulla</strong></span> <span class='ocrx_word' id='word_1_72' title='bbox 1007 1256 1042 1318; x_wconf 91' lang='lat' dir='ltr'><strong>in</strong></span> <span class='ocrx_word' id='word_1_73' title='bbox 1056 1253 1119 1319; x_wconf 88' lang='lat' dir='ltr'><strong>filis</strong></span> <span class='ocrx_word' id='word_1_74' title='bbox 1136 1259 1337 1348; x_wconf 79' lang='lat' dir='ltr'><strong>conspicitur</strong></span> <span class='ocrx_word' id='word_1_75' title='bbox 1362 1261 1493 1346; x_wconf 66' lang='lat' dir='ltr'><strong>vagina,</strong></span> <span class='ocrx_word' id='word_1_76' title='bbox 1516 1260 1607 1332; x_wconf 84' lang='lat' dir='ltr'><strong>adest</strong></span> <span class='ocrx_word' id='word_1_77' title='bbox 1628 1280 1680 1326; x_wconf 88' lang='lat' dir='ltr'><strong>ta-</strong></span> 
     </span>
     <span class='ocr_line' id='line_1_9' title="bbox 239 1354 1695 1448; baseline 0.005 -27"><span class='ocrx_word' id='word_1_78' title='bbox 239 1381 332 1436; x_wconf 85' lang='lat' dir='ltr'>men,</span> <span class='ocrx_word' id='word_1_79' title='bbox 365 1357 423 1422; x_wconf 87' lang='lat' dir='ltr'><strong>sed</strong></span> <span class='ocrx_word' id='word_1_80' title='bbox 444 1354 666 1421; x_wconf 87' lang='lat' dir='ltr'><strong>Oscillatorias</strong></span> <span class='ocrx_word' id='word_1_81' title='bbox 688 1358 775 1420; x_wconf 88' lang='lat' dir='ltr'><strong>intus</strong></span> <span class='ocrx_word' id='word_1_82' title='bbox 798 1359 1014 1422; x_wconf 89' lang='lat' dir='ltr'><strong>communiter</strong></span> <span class='ocrx_word' id='word_1_83' title='bbox 1035 1358 1233 1448; x_wconf 81' lang='lat' dir='ltr'><strong>pullulantes</strong></span> <span class='ocrx_word' id='word_1_84' title='bbox 1258 1378 1322 1424; x_wconf 89' lang='lat' dir='ltr'><strong>tam</strong></span> <span class='ocrx_word' id='word_1_85' title='bbox 1345 1379 1432 1426; x_wconf 86' lang='lat' dir='ltr'><strong>arcte</strong></span> <span class='ocrx_word' id='word_1_86' title='bbox 1453 1365 1610 1443; x_wconf 88' lang='lat' dir='ltr'><strong>vestiens,</strong></span> <span class='ocrx_word' id='word_1_87' title='bbox 1643 1371 1695 1430; x_wconf 74' lang='lat' dir='ltr'><strong>ut&#39;</strong></span> 
     </span>
     <span class='ocr_line' id='line_1_10' title="bbox 234 1461 1678 1548; baseline 0.006 -22"><span class='ocrx_word' id='word_1_88' title='bbox 234 1462 322 1526; x_wconf 85' lang='lat' dir='ltr'><strong>lianc</strong></span> <span class='ocrx_word' id='word_1_89' title='bbox 339 1461 383 1526; x_wconf 89' lang='lat' dir='ltr'><strong>ob</strong></span> <span class='ocrx_word' id='word_1_90' title='bbox 401 1484 529 1525; x_wconf 89' lang='lat' dir='ltr'><strong>causam</strong></span> <span class='ocrx_word' id='word_1_91' title='bbox 544 1462 598 1526; x_wconf 83' lang='lat' dir='ltr'><strong>vix</strong></span> <span class='ocrx_word' id='word_1_92' title='bbox 613 1463 647 1522; x_wconf 91' lang='lat' dir='ltr'><strong>in</strong></span> <span class='ocrx_word' id='word_1_93' title='bbox 661 1463 1006 1548; x_wconf 89' lang='lat' dir='ltr'><strong>conspectum-veniat.</strong></span> <span class='ocrx_word' id='word_1_94' title='bbox 1053 1462 1164 1527; x_wconf 88' lang='lat' dir='ltr'><strong>Filum</strong></span> <span class='ocrx_word' id='word_1_95' title='bbox 1182 1462 1385 1537; x_wconf 81' lang='lat' dir='ltr'><strong>universale,</strong></span> <span class='ocrx_word' id='word_1_96' title='bbox 1420 1468 1447 1530; x_wconf 88' lang='lat' dir='ltr'><strong>si</strong></span> <span class='ocrx_word' id='word_1_97' title='bbox 1471 1466 1603 1531; x_wconf 71' lang='lat' dir='ltr'><strong>laeditur</strong></span> <span class='ocrx_word' id='word_1_98' title='bbox 1625 1467 1678 1534; x_wconf 82' lang='lat' dir='ltr'><strong>vel</strong></span> 
     </span>
     <span class='ocr_line' id='line_1_11' title="bbox 235 1555 1678 1655; baseline 0.006 -27"><span class='ocrx_word' id='word_1_99' title='bbox 235 1565 313 1655; x_wconf 89' lang='lat' dir='ltr'><strong>plns</strong></span> <span class='ocrx_word' id='word_1_100' title='bbox 327 1568 411 1648; x_wconf 90' lang='lat' dir='ltr'><strong>justo</strong></span> <span class='ocrx_word' id='word_1_101' title='bbox 434 1567 613 1654; x_wconf 89' lang='lat' dir='ltr'><strong>premitur,</strong></span> <span class='ocrx_word' id='word_1_102' title='bbox 637 1564 673 1627; x_wconf 91' lang='lat' dir='ltr'><strong>in</strong></span> <span class='ocrx_word' id='word_1_103' title='bbox 688 1562 802 1651; x_wconf 87' lang='lat' dir='ltr'><strong>plures</strong></span> <span class='ocrx_word' id='word_1_104' title='bbox 818 1563 968 1645; x_wconf 88' lang='lat' dir='ltr'><strong>lacinias,</strong></span> <span class='ocrx_word' id='word_1_105' title='bbox 991 1590 1103 1632; x_wconf 89' lang='lat' dir='ltr'><strong>omues</strong></span> <span class='ocrx_word' id='word_1_106' title='bbox 1118 1555 1299 1649; x_wconf 77' lang='lat' dir='ltr'><strong>vaginatus,</strong></span> <span class='ocrx_word' id='word_1_107' title='bbox 1325 1566 1509 1651; x_wconf 69' lang='lat' dir='ltr'><strong>dividitur3</strong></span> <span class='ocrx_word' id='word_1_108' title='bbox 1524 1570 1602 1635; x_wconf 86' lang='lat' dir='ltr'><strong>hinc</strong></span> <span class='ocrx_word' id='word_1_109' title='bbox 1619 1597 1678 1635; x_wconf 92' lang='lat' dir='ltr'><strong>ra·</strong></span> 
     </span>
     <span class='ocr_line' id='line_1_12' title="bbox 238 1665 1678 1761; baseline 0.006 -29"><span class='ocrx_word' id='word_1_110' title='bbox 238 1691 368 1733; x_wconf 87' lang='lat' dir='ltr'><strong>mosum</strong></span> <span class='ocrx_word' id='word_1_111' title='bbox 384 1676 414 1733; x_wconf 84' lang='lat' dir='ltr'><strong>ct</strong></span> <span class='ocrx_word' id='word_1_112' title='bbox 428 1672 516 1733; x_wconf 90' lang='lat' dir='ltr'><strong>intus</strong></span> <span class='ocrx_word' id='word_1_113' title='bbox 532 1665 697 1756; x_wconf 84' lang='lat' dir='ltr'><strong>spiraliter</strong></span> <span class='ocrx_word' id='word_1_114' title='bbox 712 1684 833 1732; x_wconf 91' lang='lat' dir='ltr'><strong>tortum</strong></span> <span class='ocrx_word' id='word_1_115' title='bbox 847 1669 1013 1733; x_wconf 89' lang='lat' dir='ltr'><strong>interdum</strong></span> <span class='ocrx_word' id='word_1_116' title='bbox 1029 1687 1166 1759; x_wconf 86' lang='lat' dir='ltr'><strong>apparet</strong></span> <span class='ocrx_word' id='word_1_117' title='bbox 1175 1717 1184 1749; x_wconf 92' lang='lat'><strong>,</strong></span> <span class='ocrx_word' id='word_1_118' title='bbox 1209 1671 1289 1734; x_wconf 91' lang='lat' dir='ltr'><strong>hinc</strong></span> <span class='ocrx_word' id='word_1_119' title='bbox 1305 1672 1401 1734; x_wconf 88' lang='lat' dir='ltr'><strong>etiam</strong></span> <span class='ocrx_word' id='word_1_120' title='bbox 1417 1671 1580 1761; x_wconf 83' lang='lat' dir='ltr'><strong>adspices</strong></span> <span class='ocrx_word' id='word_1_121' title='bbox 1598 1700 1678 1740; x_wconf 91' lang='lat' dir='ltr'><strong>aeu-</strong></span> 
     </span>
     <span class='ocr_line' id='line_1_13' title="bbox 237 1768 1678 1866; baseline 0.005 -30"><span class='ocrx_word' id='word_1_122' title='bbox 237 1775 405 1837; x_wconf 86' lang='lat' dir='ltr'><strong>minatum.</strong></span> <span class='ocrx_word' id='word_1_123' title='bbox 451 1773 511 1836; x_wconf 87' lang='lat' dir='ltr'><strong>Est</strong></span> <span class='ocrx_word' id='word_1_124' title='bbox 524 1772 623 1854; x_wconf 83' lang='lat' dir='ltr'><strong>igitur</strong></span> <span class='ocrx_word' id='word_1_125' title='bbox 636 1768 858 1866; x_wconf 76' lang='lat' dir='ltr'><strong>Os‘eillatoria</strong></span> <span class='ocrx_word' id='word_1_126' title='bbox 872 1775 1137 1860; x_wconf 78' lang='lat' dir='ltr'><strong>chtlionoplostes</strong></span> <span class='ocrx_word' id='word_1_127' title='bbox 1150 1784 1304 1863; x_wconf 86' lang='lat' dir='ltr'><strong>tanq&#39;vam</strong></span> <span class='ocrx_word' id='word_1_128' title='bbox 1319 1775 1436 1836; x_wconf 79' lang='lat' dir='ltr'><strong>matrix</strong></span> <span class='ocrx_word' id='word_1_129' title='bbox 1449 1773 1619 1856; x_wconf 85' lang='lat' dir='ltr'><strong>habenda,</strong></span> <span class='ocrx_word' id='word_1_130' title='bbox 1642 1781 1678 1843; x_wconf 90' lang='lat' dir='ltr'><strong>in</strong></span> 
     </span>
     <span class='ocr_line' id='line_1_14' title="bbox 237 1870 1676 1966; baseline 0.006 -27"><span class='ocrx_word' id='word_1_131' title='bbox 237 1900 301 1966; x_wconf 86' lang='lat' dir='ltr'><strong>qva</strong></span> <span class='ocrx_word' id='word_1_132' title='bbox 319 1873 533 1942; x_wconf 83' lang='lat' dir='ltr'><strong>Oseillatoriae</strong></span> <span class='ocrx_word' id='word_1_133' title='bbox 547 1874 675 1952; x_wconf 66' lang='lat' dir='ltr'><strong>multas,</strong></span> <span class='ocrx_word' id='word_1_134' title='bbox 700 1875 862 1940; x_wconf 84' lang='lat' dir='ltr'><strong>infantum</strong></span> <span class='ocrx_word' id='word_1_135' title='bbox 879 1876 1042 1956; x_wconf 88' lang='lat' dir='ltr'><strong>adinstar,</strong></span> <span class='ocrx_word' id='word_1_136' title='bbox 1068 1878 1208 1942; x_wconf 86' lang='lat' dir='ltr'><strong>invicem</strong></span> <span class='ocrx_word' id='word_1_137' title='bbox 1234 1893 1430 1959; x_wconf 84' lang='lat' dir='ltr'><strong>generantur</strong></span> <span class='ocrx_word' id='word_1_138' title='bbox 1457 1895 1489 1941; x_wconf 91' lang='lat' dir='ltr'><strong>et</strong></span> <span class='ocrx_word' id='word_1_139' title='bbox 1514 1870 1676 1966; x_wconf 79' lang='lat' dir='ltr'><strong>crescunt,</strong></span> 
     </span>
     <span class='ocr_line' id='line_1_15' title="bbox 237 1979 1675 2075; baseline 0.004 -30"><span class='ocrx_word' id='word_1_140' title='bbox 237 2005 328 2072; x_wconf 81' lang='lat' dir='ltr'><strong>qvae,</strong></span> <span class='ocrx_word' id='word_1_141' title='bbox 353 2006 426 2046; x_wconf 91' lang='lat' dir='ltr'><strong>cnm</strong></span> <span class='ocrx_word' id='word_1_142' title='bbox 442 1980 483 2045; x_wconf 91' lang='lat' dir='ltr'><strong>ad</strong></span> <span class='ocrx_word' id='word_1_143' title='bbox 497 1982 716 2044; x_wconf 77' lang='lat' dir='ltr'><strong>maturitatem</strong></span> <span class='ocrx_word' id='word_1_144' title='bbox 731 1982 952 2069; x_wconf 84' lang='lat' dir='ltr'><strong>pervenerint,</strong></span> <span class='ocrx_word' id='word_1_145' title='bbox 977 1998 1032 2044; x_wconf 90' lang='lat' dir='ltr'><strong>aut</strong></span> <span class='ocrx_word' id='word_1_146' title='bbox 1045 2004 1106 2071; x_wconf 88' lang='lat' dir='ltr'><strong>per</strong></span> <span class='ocrx_word' id='word_1_147' title='bbox 1124 1982 1251 2070; x_wconf 80' lang='lat' dir='ltr'><strong>apicem</strong></span> <span class='ocrx_word' id='word_1_148' title='bbox 1264 1998 1318 2044; x_wconf 89' lang='lat' dir='ltr'><strong>ant</strong></span> <span class='ocrx_word' id='word_1_149' title='bbox 1331 2001 1392 2070; x_wconf 84' lang='lat' dir='ltr'><strong>per</strong></span> <span class='ocrx_word' id='word_1_150' title='bbox 1409 1979 1510 2044; x_wconf 84' lang='lat' dir='ltr'><strong>latera</strong></span> <span class='ocrx_word' id='word_1_151' title='bbox 1524 1982 1675 2075; x_wconf 85' lang='lat' dir='ltr'><strong>disrupta</strong></span> 
     </span>
     <span class='ocr_line' id='line_1_16' title="bbox 238 2084 1675 2174; baseline 0.001 -22"><span class='ocrx_word' id='word_1_152' title='bbox 238 2088 362 2169; x_wconf 74' lang='lat' dir='ltr'><strong>vaginae</strong></span> <span class='ocrx_word' id='word_1_153' title='bbox 383 2085 570 2162; x_wconf 86' lang='lat' dir='ltr'><strong>elabuntur,</strong></span> <span class='ocrx_word' id='word_1_154' title='bbox 608 2101 641 2148; x_wconf 92' lang='lat' dir='ltr'><strong>et</strong></span> <span class='ocrx_word' id='word_1_155' title='bbox 665 2084 802 2164; x_wconf 89' lang='lat' dir='ltr'><strong>deinde,</strong></span> <span class='ocrx_word' id='word_1_156' title='bbox 834 2086 953 2149; x_wconf 87' lang='lat' dir='ltr'><strong>sensim</strong></span> <span class='ocrx_word' id='word_1_157' title='bbox 974 2087 1157 2174; x_wconf 87' lang='lat' dir='ltr'><strong>sensimqve</strong></span> <span class='ocrx_word' id='word_1_158' title='bbox 1185 2085 1297 2148; x_wconf 86' lang='lat' dir='ltr'><strong>matris</strong></span> <span class='ocrx_word' id='word_1_159' title='bbox 1321 2102 1472 2148; x_wconf 80' lang='lat' dir='ltr'><strong>natmum</strong></span> <span class='ocrx_word' id='word_1_160' title='bbox 1487 2086 1675 2172; x_wconf 82' lang='lat' dir='ltr'><strong>induentes,</strong></span> 
     </span>
     <span class='ocr_line' id='line_1_17' title="bbox 235 2187 1675 2279; baseline 0.003 -24"><span class='ocrx_word' id='word_1_161' title='bbox 235 2214 355 2255; x_wconf 87' lang='lat' dir='ltr'><strong>novam</strong></span> <span class='ocrx_word' id='word_1_162' title='bbox 364 2189 494 2279; x_wconf 86' lang='lat' dir='ltr'><strong>prolem</strong></span> <span class='ocrx_word' id='word_1_163' title='bbox 509 2187 624 2252; x_wconf 83' lang='lat' dir='ltr'><strong>cadem</strong></span> <span class='ocrx_word' id='word_1_164' title='bbox 636 2188 763 2251; x_wconf 88' lang='lat' dir='ltr'><strong>ratione</strong></span> <span class='ocrx_word' id='word_1_165' title='bbox 779 2187 1008 2253; x_wconf 89' lang='lat' dir='ltr'><strong>verosimiliter</strong></span> <span class='ocrx_word' id='word_1_166' title='bbox 1022 2205 1255 2279; x_wconf 85' lang='lat' dir='ltr'><strong>progenerant.</strong></span> <span class='ocrx_word' id='word_1_167' title='bbox 1278 2224 1320 2237; x_wconf 90' lang='lat'>-</span> <span class='ocrx_word' id='word_1_168' title='bbox 1344 2189 1502 2267; x_wconf 89' lang='lat' dir='ltr'><strong>Varietas,</strong></span> <span class='ocrx_word' id='word_1_169' title='bbox 1522 2191 1549 2253; x_wconf 89' lang='lat' dir='ltr'><strong>si</strong></span> <span class='ocrx_word' id='word_1_170' title='bbox 1563 2189 1675 2259; x_wconf 89' lang='lat' dir='ltr'><strong>locum</strong></span> 
     </span>
     <span class='ocr_line' id='line_1_18' title="bbox 231 2289 1674 2384; baseline 0.002 -26"><span class='ocrx_word' id='word_1_171' title='bbox 231 2293 375 2360; x_wconf 86' lang='lat' dir='ltr'><strong>natalem</strong></span> <span class='ocrx_word' id='word_1_172' title='bbox 397 2296 612 2384; x_wconf 82' lang='lat' dir='ltr'><strong>excipiamus,</strong></span> <span class='ocrx_word' id='word_1_173' title='bbox 645 2289 738 2355; x_wconf 90' lang='lat' dir='ltr'><strong>nullo</strong></span> <span class='ocrx_word' id='word_1_174' title='bbox 755 2289 856 2357; x_wconf 88' lang='lat' dir='ltr'><strong>modo</strong></span> <span class='ocrx_word' id='word_1_175' title='bbox 881 2294 921 2356; x_wconf 86' lang='lat' dir='ltr'><strong>ab</strong></span> <span class='ocrx_word' id='word_1_176' title='bbox 945 2323 967 2363; x_wconf 71' lang='lat' dir='ltr'><strong>a</strong></span> <span class='ocrx_word' id='word_1_177' title='bbox 989 2292 1126 2358; x_wconf 80' lang='lat' dir='ltr'><strong>diversa.</strong></span> <span class='ocrx_word' id='word_1_178' title='bbox 1156 2329 1196 2344; x_wconf 91' lang='lat'><em>-</em></span> <span class='ocrx_word' id='word_1_179' title='bbox 1220 2293 1372 2357; x_wconf 87' lang='lat' dir='ltr'><strong>Ceterum</strong></span> <span class='ocrx_word' id='word_1_180' title='bbox 1391 2292 1426 2355; x_wconf 92' lang='lat' dir='ltr'><strong>in</strong></span> <span class='ocrx_word' id='word_1_181' title='bbox 1448 2295 1538 2356; x_wconf 80' lang='lat' dir='ltr'><strong>textu</strong></span> <span class='ocrx_word' id='word_1_182' title='bbox 1564 2294 1674 2363; x_wconf 69' lang='lat' dir='ltr'><strong>Florae</strong></span> 
     </span>
     <span class='ocr_line' id='line_1_19' title="bbox 229 2393 1673 2489; baseline 0.003 -27"><span class='ocrx_word' id='word_1_183' title='bbox 229 2399 358 2463; x_wconf 66' lang='lat' dir='ltr'><strong>danica)</strong></span> <span class='ocrx_word' id='word_1_184' title='bbox 373 2423 511 2487; x_wconf 84' lang='lat' dir='ltr'><strong>seqvens</strong></span> <span class='ocrx_word' id='word_1_185' title='bbox 525 2396 594 2461; x_wconf 85' lang='lat' dir='ltr'><strong>Cel.</strong></span> <span class='ocrx_word' id='word_1_186' title='bbox 611 2393 792 2482; x_wconf 80' lang='lat' dir='ltr'><strong>Hofmnnn</strong></span> <span class='ocrx_word' id='word_1_187' title='bbox 800 2396 929 2484; x_wconf 76' lang='lat' dir='ltr'><strong>Bangii</strong></span> <span class='ocrx_word' id='word_1_188' title='bbox 943 2395 984 2460; x_wconf 88' lang='lat' dir='ltr'><strong>de</strong></span> <span class='ocrx_word' id='word_1_189' title='bbox 999 2398 1060 2461; x_wconf 88' lang='lat' dir='ltr'><strong>hae</strong></span> <span class='ocrx_word' id='word_1_190' title='bbox 1076 2396 1189 2487; x_wconf 86' lang='lat' dir='ltr'><strong>planta</strong></span> <span class='ocrx_word' id='word_1_191' title='bbox 1207 2396 1345 2460; x_wconf 86' lang='lat' dir='ltr'><strong>habetur</strong></span> <span class='ocrx_word' id='word_1_192' title='bbox 1362 2395 1557 2476; x_wconf 86' lang='lat' dir='ltr'><strong>observatio,</strong></span> <span class='ocrx_word' id='word_1_193' title='bbox 1576 2424 1673 2489; x_wconf 87' lang='lat' dir='ltr'><strong>qvam</strong></span> 
     </span>
     <span class='ocr_line' id='line_1_20' title="bbox 230 2497 1672 2589; baseline 0.001 -25"><span class='ocrx_word' id='word_1_194' title='bbox 230 2502 290 2565; x_wconf 88' lang='lat' dir='ltr'><strong>hic</strong></span> <span class='ocrx_word' id='word_1_195' title='bbox 307 2504 504 2585; x_wconf 68' lang='lat' dir='ltr'><strong>stdtiungere</strong></span> <span class='ocrx_word' id='word_1_196' title='bbox 518 2501 627 2566; x_wconf 88' lang='lat' dir='ltr'><strong>liceat:</strong></span> <span class='ocrx_word' id='word_1_197' title='bbox 650 2501 801 2564; x_wconf 81' lang='lat' dir='ltr'><strong>”Nomen</strong></span> <span class='ocrx_word' id='word_1_198' title='bbox 816 2499 912 2583; x_wconf 89' lang='lat' dir='ltr'><strong>hujus</strong></span> <span class='ocrx_word' id='word_1_199' title='bbox 929 2501 1049 2589; x_wconf 89' lang='lat' dir='ltr'><strong>speciei</strong></span> <span class='ocrx_word' id='word_1_200' title='bbox 1072 2524 1089 2563; x_wconf 93' lang='lat' dir='ltr'><strong>e</strong></span> <span class='ocrx_word' id='word_1_201' title='bbox 1105 2497 1272 2566; x_wconf 79' lang='lat' dir='ltr'><strong>vocabuhs</strong></span> <span class='ocrx_word' id='word_1_202' title='bbox 1296 2499 1407 2580; x_wconf 74' lang='lat' dir='ltr'><strong>graecis</strong></span> <span class='ocrx_word' id='word_1_203' title='bbox 1428 2504 1511 2583; x_wconf 67' lang='grc' dir='ltr'><strong>χθὼν</strong></span> <span class='ocrx_word' id='word_1_204' title='bbox 1529 2520 1560 2565; x_wconf 91' lang='lat' dir='ltr'><strong>et</strong></span> <span class='ocrx_word' id='word_1_205' title='bbox 1574 2512 1672 2578; x_wconf 58' lang='lat' dir='ltr'><strong>mdo.</strong></span> 
     </span>
     <span class='ocr_line' id='line_1_21' title="bbox 238 2601 1674 2693; baseline -0.001 -19"><span class='ocrx_word' id='word_1_206' title='bbox 238 2611 323 2675; x_wconf 77' lang='lat' dir='ltr'><strong>’&#39;astv</strong></span> <span class='ocrx_word' id='word_1_207' title='bbox 338 2606 524 2693; x_wconf 85' lang='lat' dir='ltr'><strong>composuit</strong></span> <span class='ocrx_word' id='word_1_208' title='bbox 538 2603 602 2668; x_wconf 88' lang='lat' dir='ltr'><strong>Cel.</strong></span> <span class='ocrx_word' id='word_1_209' title='bbox 617 2605 763 2670; x_wconf 80' lang='lat' dir='ltr'><strong>Martens</strong></span> <span class='ocrx_word' id='word_1_210' title='bbox 770 2651 782 2680; x_wconf 89' lang='lat'><strong>,</strong></span> <span class='ocrx_word' id='word_1_211' title='bbox 803 2602 893 2667; x_wconf 85' lang='lat' dir='ltr'><strong>Prol.</strong></span> <span class='ocrx_word' id='word_1_212' title='bbox 910 2604 1103 2681; x_wconf 89' lang='lat' dir='ltr'><strong>Bremensis,</strong></span> <span class='ocrx_word' id='word_1_213' title='bbox 1126 2601 1352 2674; x_wconf 81' lang='lat' dir='ltr'><strong>observatione</strong></span> <span class='ocrx_word' id='word_1_214' title='bbox 1367 2625 1438 2665; x_wconf 89' lang='lat' dir='ltr'><strong>mea</strong></span> <span class='ocrx_word' id='word_1_215' title='bbox 1458 2602 1498 2666; x_wconf 90' lang='lat' dir='ltr'><strong>de</strong></span> <span class='ocrx_word' id='word_1_216' title='bbox 1515 2605 1576 2671; x_wconf 90' lang='lat' dir='ltr'><strong>hac</strong></span> <span class='ocrx_word' id='word_1_217' title='bbox 1591 2609 1674 2691; x_wconf 78' lang='lat' dir='ltr'><strong>alga,</strong></span> 
     </span>
     <span class='ocr_line' id='line_1_22' title="bbox 241 2692 1674 2798; baseline 0.004 -27"><span class='ocrx_word' id='word_1_218' title='bbox 241 2692 390 2798; x_wconf 83' lang='lat' dir='ltr'><strong>&#39;&#39;qvippe</strong></span> <span class='ocrx_word' id='word_1_219' title='bbox 406 2731 476 2796; x_wconf 83' lang='lat' dir='ltr'><strong>qvae</strong></span> <span class='ocrx_word' id='word_1_220' title='bbox 489 2707 587 2773; x_wconf 83' lang='lat' dir='ltr'><strong>fundo</strong></span> <span class='ocrx_word' id='word_1_221' title='bbox 606 2711 703 2772; x_wconf 88' lang='lat' dir='ltr'><strong>maris</strong></span> <span class='ocrx_word' id='word_1_222' title='bbox 730 2704 879 2790; x_wconf 83' lang='lat' dir='ltr'><strong>augendo</strong></span> <span class='ocrx_word' id='word_1_223' title='bbox 902 2704 1101 2772; x_wconf 87' lang='lat' dir='ltr'><strong>elevandove</strong></span> <span class='ocrx_word' id='word_1_224' title='bbox 1116 2704 1287 2780; x_wconf 87' lang='lat' dir='ltr'><strong>inserviat,</strong></span> <span class='ocrx_word' id='word_1_225' title='bbox 1312 2701 1485 2787; x_wconf 84' lang='lat' dir='ltr'><strong>inductus3</strong></span> <span class='ocrx_word' id='word_1_226' title='bbox 1511 2706 1674 2777; x_wconf 84' lang='lat' dir='ltr'><strong>filamenta</strong></span> 
     </span>
     <span class='ocr_line' id='line_1_23' title="bbox 239 2805 1675 2899; baseline 0.003 -23"><span class='ocrx_word' id='word_1_227' title='bbox 239 2814 349 2876; x_wconf 84' lang='lat' dir='ltr'><strong>”enim</strong></span> <span class='ocrx_word' id='word_1_228' title='bbox 365 2810 485 2877; x_wconf 86' lang='lat' dir='ltr'><strong>viseida</strong></span> <span class='ocrx_word' id='word_1_229' title='bbox 498 2835 515 2875; x_wconf 88' lang='lat' dir='ltr'><strong>e</strong></span> <span class='ocrx_word' id='word_1_230' title='bbox 527 2812 687 2878; x_wconf 89' lang='lat' dir='ltr'><strong>substrato</strong></span> <span class='ocrx_word' id='word_1_231' title='bbox 703 2812 877 2893; x_wconf 84' lang='lat' dir='ltr'><strong>singulari,</strong></span> <span class='ocrx_word' id='word_1_232' title='bbox 904 2808 998 2899; x_wconf 87' lang='lat' dir='ltr'><strong>qvale</strong></span> <span class='ocrx_word' id='word_1_233' title='bbox 1013 2809 1080 2874; x_wconf 86' lang='lat' dir='ltr'><strong>sere</strong></span> <span class='ocrx_word' id='word_1_234' title='bbox 1104 2811 1139 2871; x_wconf 92' lang='lat' dir='ltr'><strong>in</strong></span> <span class='ocrx_word' id='word_1_235' title='bbox 1164 2805 1380 2872; x_wconf 89' lang='lat' dir='ltr'><strong>Oscillatoriis</strong></span> <span class='ocrx_word' id='word_1_236' title='bbox 1408 2807 1599 2878; x_wconf 72' lang='lat' dir='ltr'><strong>Vauclien‘i</strong></span> <span class='ocrx_word' id='word_1_237' title='bbox 1616 2839 1675 2881; x_wconf 88' lang='lat' dir='ltr'><strong>re-</strong></span> 
     </span>
     <span class='ocr_line' id='line_1_24' title="bbox 235 2910 1674 3006; baseline 0.004 -26"><span class='ocrx_word' id='word_1_238' title='bbox 235 2920 403 3006; x_wconf 82' lang='lat' dir='ltr'><strong>&#39;&#39;peritur,</strong></span> <span class='ocrx_word' id='word_1_239' title='bbox 424 2917 594 3005; x_wconf 74' lang='lat' dir='ltr'><strong>quotannis</strong></span> <span class='ocrx_word' id='word_1_240' title='bbox 610 2917 793 2994; x_wconf 86' lang='lat' dir='ltr'><strong>nascentia,</strong></span> <span class='ocrx_word' id='word_1_241' title='bbox 816 2913 965 2979; x_wconf 89' lang='lat' dir='ltr'><strong>sabulum</strong></span> <span class='ocrx_word' id='word_1_242' title='bbox 980 2915 1012 2977; x_wconf 91' lang='lat' dir='ltr'><strong>vi</strong></span> <span class='ocrx_word' id='word_1_243' title='bbox 1027 2913 1187 2977; x_wconf 88' lang='lat' dir='ltr'><strong>fluctuum</strong></span> <span class='ocrx_word' id='word_1_244' title='bbox 1202 2910 1373 2976; x_wconf 85' lang='lat' dir='ltr'><strong>advectum</strong></span> <span class='ocrx_word' id='word_1_245' title='bbox 1388 2914 1561 2982; x_wconf 89' lang='lat' dir='ltr'><strong>retinendo</strong></span> <span class='ocrx_word' id='word_1_246' title='bbox 1574 2937 1674 2986; x_wconf 87' lang='lat' dir='ltr'><strong>strata</strong></span> 
     </span>
    </p>

    <p class='ocr_par' dir='ltr' id='par_1_5' title="bbox 208 3007 1768 3921">
     <span class='ocr_line' id='line_1_25' title="bbox 208 3007 1716 3110; baseline -0.001 -26"><span class='ocrx_word' id='word_1_247' title='bbox 208 3067 213 3077; x_wconf 75' lang='grc'><strong>.</strong></span> <span class='ocrx_word' id='word_1_248' title='bbox 231 3018 369 3085; x_wconf 84' lang='lat' dir='ltr'><strong>&#39;&#39;sabulo</strong></span> <span class='ocrx_word' id='word_1_249' title='bbox 386 3018 530 3108; x_wconf 85' lang='lat' dir='ltr'><strong>limoqve</strong></span> <span class='ocrx_word' id='word_1_250' title='bbox 545 3007 736 3084; x_wconf 83' lang='lat' dir='ltr'><strong>alternantia</strong></span> <span class='ocrx_word' id='word_1_251' title='bbox 751 3033 1083 3107; x_wconf 81' lang='lat' dir='ltr'><strong>sempersemperqve</strong></span> <span class='ocrx_word' id='word_1_252' title='bbox 1097 3016 1251 3080; x_wconf 79' lang='lat' dir='ltr'><strong>formant.</strong></span> <span class='ocrx_word' id='word_1_253' title='bbox 1299 3015 1430 3079; x_wconf 85' lang='lat' dir='ltr'><strong>Scilicet</strong></span> <span class='ocrx_word' id='word_1_254' title='bbox 1445 3041 1483 3079; x_wconf 84' lang='lat' dir='ltr'><strong>er</strong></span> <span class='ocrx_word' id='word_1_255' title='bbox 1500 3043 1555 3097; x_wconf 91' lang='lat' dir='ltr'><strong>eo,</strong></span> <span class='ocrx_word' id='word_1_256' title='bbox 1580 3025 1672 3110; x_wconf 79' lang='lat' dir='ltr'><strong>qvod</strong></span> <span class='ocrx_word' id='word_1_257' title='bbox 1715 3063 1716 3067; x_wconf 58' lang='lat'><em>=</em></span> 
     </span>
     <span class='ocr_line' id='line_1_26' title="bbox 232 3111 1673 3240; baseline 0 -52"><span class='ocrx_word' id='word_1_258' title='bbox 232 3123 412 3202; x_wconf 82' lang='lat' dir='ltr'><strong>&#39;’dicimus,</strong></span> <span class='ocrx_word' id='word_1_259' title='bbox 435 3124 600 3189; x_wconf 86' lang='lat' dir='ltr'><strong>substrato</strong></span> <span class='ocrx_word' id='word_1_260' title='bbox 615 3122 736 3188; x_wconf 89' lang='lat' dir='ltr'><strong>limus</strong></span> <span class='ocrx_word' id='word_1_261' title='bbox 726 3140 786 3187; x_wconf 84' lang='lat' dir='ltr'><strong>rste</strong></span> <span class='ocrx_word' id='word_1_262' title='bbox 800 3135 1010 3212; x_wconf 82' lang='lat' dir='ltr'><strong>pr·ocrea&#39;tur,</strong></span> <span class='ocrx_word' id='word_1_263' title='bbox 1034 3119 1089 3207; x_wconf 91' lang='lat' dir='ltr'><strong>qvi</strong></span> <span class='ocrx_word' id='word_1_264' title='bbox 1110 3115 1279 3206; x_wconf 85' lang='lat' dir='ltr'><strong>particulis</strong></span> <span class='ocrx_word' id='word_1_265' title='bbox 1300 3111 1541 3185; x_wconf 78' lang='lat' dir='ltr'><strong>[ilementorum</strong></span> <span class='ocrx_word' id='word_1_266' title='bbox 1561 3129 1673 3240; x_wconf 86' lang='lat' dir='ltr'><strong>putri-</strong></span> 
     </span>
     <span class='ocr_line' id='line_1_27' title="bbox 236 3221 1670 3313; baseline -0.004 -21"><span class='ocrx_word' id='word_1_267' title='bbox 236 3227 332 3292; x_wconf 85' lang='lat' dir='ltr'><strong>”dis</strong></span> <span class='ocrx_word' id='word_1_268' title='bbox 323 3229 483 3292; x_wconf 78' lang='lat' dir='ltr'><strong>immixtus</strong></span> <span class='ocrx_word' id='word_1_269' title='bbox 499 3244 599 3293; x_wconf 87' lang='lat' dir='ltr'><strong>strata</strong></span> <span class='ocrx_word' id='word_1_270' title='bbox 615 3226 782 3296; x_wconf 83' lang='lat' dir='ltr'><strong>interdum</strong></span> <span class='ocrx_word' id='word_1_271' title='bbox 796 3224 922 3290; x_wconf 88' lang='lat' dir='ltr'><strong>colorat</strong></span> <span class='ocrx_word' id='word_1_272' title='bbox 934 3246 1060 3286; x_wconf 89' lang='lat' dir='ltr'><strong>carnea</strong></span> <span class='ocrx_word' id='word_1_273' title='bbox 1107 3221 1244 3290; x_wconf 78' lang='lat' dir='ltr'><strong>Variat</strong></span> <span class='ocrx_word' id='word_1_274' title='bbox 1235 3235 1279 3281; x_wconf 83' lang='lat' dir='ltr'><strong>lta</strong></span> <span class='ocrx_word' id='word_1_275' title='bbox 1286 3236 1470 3291; x_wconf 88' lang='lat' dir='ltr'><strong>stratorum</strong></span> <span class='ocrx_word' id='word_1_276' title='bbox 1494 3227 1609 3313; x_wconf 83' lang='lat' dir='ltr'><strong>copia,</strong></span> <span class='ocrx_word' id='word_1_277' title='bbox 1634 3247 1670 3292; x_wconf 83' lang='lat' dir='ltr'><strong>ut</strong></span> 
     </span>
     <span class='ocr_line' id='line_1_28' title="bbox 236 3307 1703 3422; baseline 0 -28"><span class='ocrx_word' id='word_1_278' title='bbox 236 3330 364 3395; x_wconf 73' lang='lat' dir='ltr'><strong>”ado</strong></span> <span class='ocrx_word' id='word_1_279' title='bbox 313 3333 426 3415; x_wconf 86' lang='lat' dir='ltr'><strong>viginti</strong></span> <span class='ocrx_word' id='word_1_280' title='bbox 442 3349 474 3395; x_wconf 88' lang='lat' dir='ltr'><strong>ct</strong></span> <span class='ocrx_word' id='word_1_281' title='bbox 489 3332 580 3422; x_wconf 89' lang='lat' dir='ltr'><strong>qvod</strong></span> <span class='ocrx_word' id='word_1_282' title='bbox 594 3331 721 3396; x_wconf 82' lang='lat' dir='ltr'><strong>excedit</strong></span> <span class='ocrx_word' id='word_1_283' title='bbox 740 3331 1012 3394; x_wconf 85' lang='lat' dir='ltr'><strong>numerarim-</strong></span> <span class='ocrx_word' id='word_1_284' title='bbox 971 3307 1295 3391; x_wconf 84' lang='lat' dir='ltr'><strong>-Filamentornm</strong></span> <span class='ocrx_word' id='word_1_285' title='bbox 1317 3333 1479 3388; x_wconf 84' lang='lat' dir='ltr'><strong>structura</strong></span> <span class='ocrx_word' id='word_1_286' title='bbox 1501 3344 1561 3390; x_wconf 91' lang='lat' dir='ltr'><strong>eta</strong></span> <span class='ocrx_word' id='word_1_287' title='bbox 1578 3329 1673 3394; x_wconf 88' lang='lat' dir='ltr'><strong>Con·</strong></span> <span class='ocrx_word' id='word_1_288' title='bbox 1699 3341 1703 3346; x_wconf 87' lang='lat'>&#39;</span> 
     </span>
     <span class='ocr_line' id='line_1_29' title="bbox 230 3427 1768 3514; baseline -0.001 -13"><span class='ocrx_word' id='word_1_289' title='bbox 230 3435 353 3501; x_wconf 85' lang='lat' dir='ltr'><strong>”servis</strong></span> <span class='ocrx_word' id='word_1_290' title='bbox 367 3453 400 3499; x_wconf 90' lang='lat' dir='ltr'><strong>et</strong></span> <span class='ocrx_word' id='word_1_291' title='bbox 413 3437 454 3499; x_wconf 86' lang='lat' dir='ltr'><strong>ab</strong></span> <span class='ocrx_word' id='word_1_292' title='bbox 467 3432 684 3500; x_wconf 86' lang='lat' dir='ltr'><strong>Oscillatoriis</strong></span> <span class='ocrx_word' id='word_1_293' title='bbox 701 3434 826 3514; x_wconf 74' lang='lat' dir='ltr'><strong>differt,</strong></span> <span class='ocrx_word' id='word_1_294' title='bbox 851 3454 1023 3497; x_wconf 88' lang='lat' dir='ltr'><strong>commune</strong></span> <span class='ocrx_word' id='word_1_295' title='bbox 1037 3448 1144 3493; x_wconf 88' lang='lat' dir='ltr'><strong>tamen</strong></span> <span class='ocrx_word' id='word_1_296' title='bbox 1160 3454 1235 3494; x_wconf 89' lang='lat' dir='ltr'><strong>eum</strong></span> <span class='ocrx_word' id='word_1_297' title='bbox 1249 3427 1465 3494; x_wconf 84' lang='lat' dir='ltr'><strong>Oscillatoriis</strong></span> <span class='ocrx_word' id='word_1_298' title='bbox 1480 3454 1549 3496; x_wconf 81' lang='lat' dir='ltr'><strong>non</strong></span> <span class='ocrx_word' id='word_1_299' title='bbox 1564 3433 1671 3499; x_wconf 86' lang='lat' dir='ltr'><strong>solunt</strong></span> <span class='ocrx_word' id='word_1_300' title='bbox 1766 3475 1768 3480; x_wconf 88' lang='lat'><em>·</em></span> 
     </span>
     <span class='ocr_line' id='line_1_30' title="bbox 230 3529 1672 3622; baseline -0.001 -17"><span class='ocrx_word' id='word_1_301' title='bbox 230 3541 350 3605; x_wconf 81' lang='lat' dir='ltr'><strong>&#39;’habet</strong></span> <span class='ocrx_word' id='word_1_302' title='bbox 370 3540 587 3620; x_wconf 84' lang='lat' dir='ltr'><strong>substratum,</strong></span> <span class='ocrx_word' id='word_1_303' title='bbox 616 3562 732 3605; x_wconf 88' lang='lat' dir='ltr'><strong>verum</strong></span> <span class='ocrx_word' id='word_1_304' title='bbox 756 3539 851 3601; x_wconf 85' lang='lat' dir='ltr'><strong>ctiam</strong></span> <span class='ocrx_word' id='word_1_305' title='bbox 875 3534 1015 3600; x_wconf 87' lang='lat' dir='ltr'><strong>celerem</strong></span> <span class='ocrx_word' id='word_1_306' title='bbox 1034 3533 1204 3599; x_wconf 87' lang='lat' dir='ltr'><strong>crescendi</strong></span> <span class='ocrx_word' id='word_1_307' title='bbox 1228 3529 1430 3613; x_wconf 73' lang='lat' dir='ltr'><strong>facultatem,</strong></span> <span class='ocrx_word' id='word_1_308' title='bbox 1460 3537 1672 3622; x_wconf 86' lang='lat' dir='ltr'><strong>portiuncula</strong></span> 
     </span>
     <span class='ocr_line' id='line_1_31' title="bbox 230 3635 1673 3727; baseline -0.001 -19"><span class='ocrx_word' id='word_1_309' title='bbox 230 3645 341 3709; x_wconf 83' lang='lat' dir='ltr'><strong>”enim</strong></span> <span class='ocrx_word' id='word_1_310' title='bbox 354 3644 452 3726; x_wconf 87' lang='lat' dir='ltr'><strong>hujus</strong></span> <span class='ocrx_word' id='word_1_311' title='bbox 469 3641 564 3727; x_wconf 68' lang='lat' dir='ltr'><strong>algar,</strong></span> <span class='ocrx_word' id='word_1_312' title='bbox 589 3644 623 3705; x_wconf 90' lang='lat' dir='ltr'><strong>in</strong></span> <span class='ocrx_word' id='word_1_313' title='bbox 640 3641 796 3707; x_wconf 86' lang='lat' dir='ltr'><strong>schedula</strong></span> <span class='ocrx_word' id='word_1_314' title='bbox 812 3640 864 3705; x_wconf 89' lang='lat' dir='ltr'><strong>vel</strong></span> <span class='ocrx_word' id='word_1_315' title='bbox 880 3639 1000 3703; x_wconf 87' lang='lat' dir='ltr'><strong>lamina</strong></span> <span class='ocrx_word' id='word_1_316' title='bbox 1014 3641 1116 3703; x_wconf 86' lang='lat' dir='ltr'><strong>vitrea</strong></span> <span class='ocrx_word' id='word_1_317' title='bbox 1129 3635 1191 3701; x_wconf 86' lang='lat' dir='ltr'><strong>sub</strong></span> <span class='ocrx_word' id='word_1_318' title='bbox 1210 3660 1293 3725; x_wconf 83' lang='lat' dir='ltr'><strong>aqva</strong></span> <span class='ocrx_word' id='word_1_319' title='bbox 1309 3660 1467 3723; x_wconf 82' lang='lat' dir='ltr'><strong>expansa,</strong></span> <span class='ocrx_word' id='word_1_320' title='bbox 1479 3637 1596 3704; x_wconf 77' lang='lat' dir='ltr'><strong>celere</strong></span> <span class='ocrx_word' id='word_1_321' title='bbox 1616 3645 1673 3706; x_wconf 88' lang='lat' dir='ltr'><strong>in-</strong></span> 
     </span>
     <span class='ocr_line' id='line_1_32' title="bbox 228 3737 1753 3835; baseline -0.002 -23"><span class='ocrx_word' id='word_1_322' title='bbox 228 3757 458 3813; x_wconf 78' lang='lat' dir='ltr'><strong>”erementum</strong></span> <span class='ocrx_word' id='word_1_323' title='bbox 472 3748 577 3834; x_wconf 90' lang='lat' dir='ltr'><strong>capit,</strong></span> <span class='ocrx_word' id='word_1_324' title='bbox 602 3762 634 3809; x_wconf 88' lang='lat' dir='ltr'><strong>et</strong></span> <span class='ocrx_word' id='word_1_325' title='bbox 647 3770 733 3812; x_wconf 88' lang='lat' dir='ltr'><strong>nova</strong></span> <span class='ocrx_word' id='word_1_326' title='bbox 749 3744 879 3835; x_wconf 83' lang='lat' dir='ltr'><strong>profert</strong></span> <span class='ocrx_word' id='word_1_327' title='bbox 892 3742 964 3824; x_wconf 81' lang='lat' dir='ltr'><strong>lile,</strong></span> <span class='ocrx_word' id='word_1_328' title='bbox 986 3764 1056 3830; x_wconf 85' lang='lat' dir='ltr'><strong>qvae</strong></span> <span class='ocrx_word' id='word_1_329' title='bbox 1073 3744 1117 3805; x_wconf 89' lang='lat' dir='ltr'><strong>ita</strong></span> <span class='ocrx_word' id='word_1_330' title='bbox 1131 3737 1393 3829; x_wconf 86' lang='lat' dir='ltr'><strong>propullulantia</strong></span> <span class='ocrx_word' id='word_1_331' title='bbox 1405 3738 1595 3807; x_wconf 81' lang='lat' dir='ltr'><strong>schedulam</strong></span> <span class='ocrx_word' id='word_1_332' title='bbox 1610 3759 1672 3812; x_wconf 84' lang='lat' dir='ltr'><strong>co·</strong></span> <span class='ocrx_word' id='word_1_333' title='bbox 1748 3803 1753 3812; x_wconf 76' lang='grc'><strong>.</strong></span> 
     </span>
     <span class='ocr_line' id='line_1_33' title="bbox 232 3849 708 3921; baseline -0.008 -4"><span class='ocrx_word' id='word_1_334' title='bbox 232 3851 322 3918; x_wconf 83' lang='lat' dir='ltr'><strong>”lore</strong></span> <span class='ocrx_word' id='word_1_335' title='bbox 338 3851 491 3918; x_wconf 84' lang='lat' dir='ltr'><strong>caeruleo</strong></span> <span class='ocrx_word' id='word_1_336' title='bbox 507 3849 708 3921; x_wconf 70' lang='lat' dir='ltr'><strong>obducunt.’&#39;¹</strong></span> 
     </span>
    </p>
   </div>
   <div class='ocr_carea' id='block_1_4' title="bbox 81 4095 1867 4348">
    <p class='ocr_par' dir='ltr' id='par_1_6' title="bbox 81 4095 1867 4348">
     <span class='ocr_line' id='line_1_34' title="bbox 173 4095 1867 4217; baseline 0.001 -22"><span class='ocrx_word' id='word_1_337' title='bbox 173 4140 234 4208; x_wconf 84' lang='lat'><strong>13.</strong></span> <span class='ocrx_word' id='word_1_338' title='bbox 292 4128 334 4194; x_wconf 91' lang='grc' dir='ltr'><strong>Ο.</strong></span> <span class='ocrx_word' id='word_1_339' title='bbox 360 4123 620 4217; x_wconf 61' lang='lat' dir='ltr'><strong>scopulorum</strong></span> <span class='ocrx_word' id='word_1_340' title='bbox 644 4118 711 4190; x_wconf 89' lang='lat' dir='ltr'><strong>filis</strong></span> <span class='ocrx_word' id='word_1_341' title='bbox 736 4116 974 4210; x_wconf 85' lang='lat' dir='ltr'><strong>simplicibus,</strong></span> <span class='ocrx_word' id='word_1_342' title='bbox 998 4113 1189 4202; x_wconf 81' lang='lat' dir='ltr'><strong>viridibus,</strong></span> <span class='ocrx_word' id='word_1_343' title='bbox 1209 4095 1470 4210; x_wconf 77' lang='lat' dir='ltr'><strong>rigidiuscirlis,</strong></span> <span class='ocrx_word' id='word_1_344' title='bbox 1492 4114 1671 4207; x_wconf 83' lang='lat' dir='ltr'><strong>flexuosis,</strong></span> <span class='ocrx_word' id='word_1_345' title='bbox 1696 4126 1787 4198; x_wconf 88' lang='lat' dir='ltr'><strong>Tab.</strong></span> <span class='ocrx_word' id='word_1_346' title='bbox 1806 4138 1867 4211; x_wconf 80' lang='lat'><strong>27.</strong></span> 
     </span>
     <span class='ocr_line' id='line_1_35' title="bbox 81 4253 1189 4348; baseline -0.01 -18"><span class='ocrx_word' id='word_1_347' title='bbox 81 4263 235 4348; x_wconf 78' lang='lat' dir='ltr'><strong>acutis,</strong></span> <span class='ocrx_word' id='word_1_348' title='bbox 261 4258 497 4347; x_wconf 84' lang='lat' dir='ltr'><strong>brevissimis,</strong></span> <span class='ocrx_word' id='word_1_349' title='bbox 517 4280 539 4324; x_wconf 91' lang='lat' dir='ltr'><strong>e</strong></span> <span class='ocrx_word' id='word_1_350' title='bbox 552 4258 697 4346; x_wconf 85' lang='lat' dir='ltr'><strong>caespite</strong></span> <span class='ocrx_word' id='word_1_351' title='bbox 714 4258 823 4324; x_wconf 90' lang='lat' dir='ltr'><strong>denso</strong></span> <span class='ocrx_word' id='word_1_352' title='bbox 841 4253 1028 4323; x_wconf 80' lang='lat' dir='ltr'><strong>atroriridi</strong></span> <span class='ocrx_word' id='word_1_353' title='bbox 1048 4253 1189 4322; x_wconf 79' lang='lat' dir='ltr'><strong>erectis.</strong></span> 
     </span>
    </p>
   </div>
   <div class='ocr_carea' id='block_1_5' title="bbox 231 4415 1141 4492">
    <p class='ocr_par' dir='ltr' id='par_1_7' title="bbox 231 4415 1141 4492">
     <span class='ocr_line' id='line_1_36' title="bbox 231 4415 1141 4492; baseline -0.009 -16"><span class='ocrx_word' id='word_1_354' title='bbox 231 4422 421 4476; x_wconf 76' lang='lat' dir='ltr'><strong>Osce&#39;llatoria</strong></span> <span class='ocrx_word' id='word_1_355' title='bbox 439 4422 619 4492; x_wconf 81' lang='lat' dir='ltr'><strong>scopulorum</strong></span> <span class='ocrx_word' id='word_1_356' title='bbox 636 4421 682 4488; x_wconf 75' lang='lat' dir='ltr'><strong>Ag.</strong></span> <span class='ocrx_word' id='word_1_357' title='bbox 702 4415 781 4487; x_wconf 86' lang='lat' dir='ltr'><strong>Disp.</strong></span> <span class='ocrx_word' id='word_1_358' title='bbox 803 4437 830 4487; x_wconf 88' lang='lat' dir='ltr'><strong>p.</strong></span> <span class='ocrx_word' id='word_1_359' title='bbox 850 4427 891 4480; x_wconf 83' lang='lat'><strong>37.</strong></span> <span class='ocrx_word' id='word_1_360' title='bbox 911 4432 937 4469; x_wconf 82' lang='lat' dir='ltr'><strong>et</strong></span> <span class='ocrx_word' id='word_1_361' title='bbox 954 4418 1015 4486; x_wconf 77' lang='lat' dir='ltr'><strong>Syn</strong></span> <span class='ocrx_word' id='word_1_362' title='bbox 1035 4435 1062 4486; x_wconf 90' lang='lat' dir='ltr'><strong>p.</strong></span> <span class='ocrx_word' id='word_1_363' title='bbox 1084 4433 1141 4469; x_wconf 75' lang='grc' dir='ltr'><strong>ιιι.</strong></span> 
     </span>
    </p>
   </div>
   <div class='ocr_carea' id='block_1_6' title="bbox 229 4505 1670 4666">
    <p class='ocr_par' dir='ltr' id='par_1_8' title="bbox 229 4505 1670 4666">
     <span class='ocr_line' id='line_1_37' title="bbox 229 4505 1670 4594; baseline -0.009 -16"><span class='ocrx_word' id='word_1_364' title='bbox 229 4523 382 4594; x_wconf 69' lang='lat' dir='ltr'><strong>Conservis</strong></span> <span class='ocrx_word' id='word_1_365' title='bbox 401 4523 581 4594; x_wconf 76' lang='lat' dir='ltr'><strong>scopulorum</strong></span> <span class='ocrx_word' id='word_1_366' title='bbox 598 4520 681 4576; x_wconf 79' lang='lat' dir='ltr'><strong>Web.</strong></span> <span class='ocrx_word' id='word_1_367' title='bbox 702 4535 729 4573; x_wconf 82' lang='lat' dir='ltr'><strong>et</strong></span> <span class='ocrx_word' id='word_1_368' title='bbox 748 4518 856 4571; x_wconf 86' lang='lat' dir='ltr'><strong>Mobr&#39;</strong></span> <span class='ocrx_word' id='word_1_369' title='bbox 849 4535 879 4572; x_wconf 84' lang='lat' dir='ltr'><strong>rt.</strong></span> <span class='ocrx_word' id='word_1_370' title='bbox 901 4539 970 4572; x_wconf 85' lang='lat' dir='ltr'><strong>svec.</strong></span> <span class='ocrx_word' id='word_1_371' title='bbox 991 4536 1016 4587; x_wconf 88' lang='lat' dir='ltr'><strong>p</strong></span> <span class='ocrx_word' id='word_1_372' title='bbox 1042 4528 1096 4584; x_wconf 85' lang='lat'>¹95·</span> <span class='ocrx_word' id='word_1_373' title='bbox 1119 4515 1189 4566; x_wconf 83' lang='lat' dir='ltr'><strong>Tab.</strong></span> <span class='ocrx_word' id='word_1_374' title='bbox 1206 4525 1231 4578; x_wconf 93' lang='lat'><strong>3.</strong></span> <span class='ocrx_word' id='word_1_375' title='bbox 1252 4514 1296 4580; x_wconf 77' lang='lat' dir='ltr'><strong>hg.</strong></span> <span class='ocrx_word' id='word_1_376' title='bbox 1313 4531 1340 4564; x_wconf 87' lang='lat' dir='ltr'><strong>a.</strong></span> <span class='ocrx_word' id='word_1_377' title='bbox 1362 4511 1441 4563; x_wconf 85' lang='lat' dir='ltr'><strong>b.-</strong></span> <span class='ocrx_word' id='word_1_378' title='bbox 1457 4505 1548 4563; x_wconf 77' lang='lat' dir='ltr'><strong>Dillvv.</strong></span> <span class='ocrx_word' id='word_1_379' title='bbox 1563 4511 1670 4570; x_wconf 85' lang='lat' dir='ltr'><strong>lutrod</strong></span> 
     </span>
     <span class='ocr_line' id='line_1_38' title="bbox 295 4587 1434 4666; baseline -0.029 -15"><span class='ocrx_word' id='word_1_380' title='bbox 295 4613 324 4666; x_wconf 85' lang='lat' dir='ltr'><strong>p</strong></span> <span class='ocrx_word' id='word_1_381' title='bbox 345 4607 388 4663; x_wconf 81' lang='lat'><strong>39</strong></span> <span class='ocrx_word' id='word_1_382' title='bbox 411 4594 507 4664; x_wconf 85' lang='lat' dir='ltr'><strong>Suppl.</strong></span> <span class='ocrx_word' id='word_1_383' title='bbox 527 4592 597 4645; x_wconf 78' lang='lat' dir='ltr'><strong>Tab.</strong></span> <span class='ocrx_word' id='word_1_384' title='bbox 620 4596 705 4643; x_wconf 83' lang='lat' dir='ltr'><strong>A.-</strong></span> <span class='ocrx_word' id='word_1_385' title='bbox 725 4587 808 4642; x_wconf 80' lang='lat' dir='ltr'><strong>lloth</strong></span> <span class='ocrx_word' id='word_1_386' title='bbox 828 4587 890 4643; x_wconf 75' lang='lat' dir='ltr'><strong>Cat.</strong></span> <span class='ocrx_word' id='word_1_387' title='bbox 914 4588 1015 4650; x_wconf 56' lang='lat' dir='ltr'><strong>bow,</strong></span> <span class='ocrx_word' id='word_1_388' title='bbox 1034 4601 1062 4654; x_wconf 89' lang='lat' dir='ltr'><strong>p</strong></span> <span class='ocrx_word' id='word_1_389' title='bbox 1085 4597 1141 4650; x_wconf 76' lang='lat'><strong>¹9¹·</strong></span> <span class='ocrx_word' id='word_1_390' title='bbox 1428 4617 1434 4628; x_wconf 82' lang='grc'><em>,</em></span> 
     </span>
    </p>
   </div>
   <div class='ocr_carea' id='block_1_7' title="bbox 74 4697 1707 4956">
    <p class='ocr_par' dir='ltr' id='par_1_9' title="bbox 74 4697 1707 4956">
     <span class='ocr_line' id='line_1_39' title="bbox 78 4697 1707 4814; baseline -0.012 -4"><span class='ocrx_word' id='word_1_391' title='bbox 78 4737 255 4810; x_wconf 83' lang='lat' dir='ltr'><strong>Habitat</strong></span> <span class='ocrx_word' id='word_1_392' title='bbox 268 4737 311 4804; x_wconf 90' lang='lat' dir='ltr'><strong>ad</strong></span> <span class='ocrx_word' id='word_1_393' title='bbox 326 4758 416 4803; x_wconf 81' lang='lat' dir='ltr'><strong>saxa</strong></span> <span class='ocrx_word' id='word_1_394' title='bbox 431 4736 570 4802; x_wconf 85' lang='lat' dir='ltr'><strong>marina</strong></span> <span class='ocrx_word' id='word_1_395' title='bbox 564 4725 804 4801; x_wconf 86' lang='lat' dir='ltr'><strong>Hindsholm</strong></span> <span class='ocrx_word' id='word_1_396' title='bbox 818 4725 965 4814; x_wconf 72' lang='lat' dir='ltr'><strong>Pioniae,</strong></span> <span class='ocrx_word' id='word_1_397' title='bbox 982 4733 1019 4792; x_wconf 88' lang='lat' dir='ltr'><strong>et</strong></span> <span class='ocrx_word' id='word_1_398' title='bbox 1035 4724 1081 4791; x_wconf 86' lang='lat' dir='ltr'><strong>ad</strong></span> <span class='ocrx_word' id='word_1_399' title='bbox 1096 4739 1206 4812; x_wconf 87' lang='lat' dir='ltr'><strong>rupes</strong></span> <span class='ocrx_word' id='word_1_400' title='bbox 1224 4715 1425 4789; x_wconf 82' lang='lat' dir='ltr'><strong>insularum</strong></span> <span class='ocrx_word' id='word_1_401' title='bbox 1446 4697 1666 4796; x_wconf 77' lang='lat' dir='ltr'><strong>exteriortim</strong></span> <span class='ocrx_word' id='word_1_402' title='bbox 1705 4795 1707 4798; x_wconf 66' lang='grc'><strong>,</strong></span> 
     </span>
     <span class='ocr_line' id='line_1_40' title="bbox 74 4851 1670 4956; baseline -0.013 -12"><span class='ocrx_word' id='word_1_403' title='bbox 74 4886 172 4945; x_wconf 83' lang='lat' dir='ltr'><strong>ante</strong></span> <span class='ocrx_word' id='word_1_404' title='bbox 187 4872 327 4940; x_wconf 84' lang='lat' dir='ltr'><strong>ostium</strong></span> <span class='ocrx_word' id='word_1_405' title='bbox 343 4872 443 4937; x_wconf 87' lang='lat' dir='ltr'><strong>sinus</strong></span> <span class='ocrx_word' id='word_1_406' title='bbox 459 4866 632 4936; x_wconf 80' lang='lat' dir='ltr'><strong>Oxefiord</strong></span> <span class='ocrx_word' id='word_1_407' title='bbox 652 4864 857 4952; x_wconf 82' lang='lat' dir='ltr'><strong>Norvegiae,</strong></span> <span class='ocrx_word' id='word_1_408' title='bbox 881 4858 988 4951; x_wconf 73' lang='lat' dir='ltr'><strong>patilo</strong></span> <span class='ocrx_word' id='word_1_409' title='bbox 1013 4851 1109 4932; x_wconf 75' lang='lat' dir='ltr'><strong>infra</strong></span> <span class='ocrx_word' id='word_1_410' title='bbox 1128 4855 1351 4956; x_wconf 79' lang='lat' dir='ltr'><strong>superficiem</strong></span> <span class='ocrx_word' id='word_1_411' title='bbox 1377 4859 1511 4945; x_wconf 79' lang='lat' dir='ltr'><strong>maris,</strong></span> <span class='ocrx_word' id='word_1_412' title='bbox 1537 4856 1600 4924; x_wconf 90' lang='lat' dir='ltr'><strong>ubi</strong></span> <span class='ocrx_word' id='word_1_413' title='bbox 1622 4854 1670 4924; x_wconf 85' lang='lat' dir='ltr'><strong>ab</strong></span> 
     </span>
    </p>
   </div>
   <div class='ocr_carea' id='block_1_8' title="bbox 70 4998 845 5092">
    <p class='ocr_par' dir='ltr' id='par_1_10' title="bbox 70 4998 845 5092">
     <span class='ocr_line' id='line_1_41' title="bbox 70 4998 845 5092; baseline -0.026 -10"><span class='ocrx_word' id='word_1_414' title='bbox 70 5010 190 5082; x_wconf 76' lang='lat' dir='ltr'><strong>randis</strong></span> <span class='ocrx_word' id='word_1_415' title='bbox 208 5007 371 5076; x_wconf 83' lang='lat' dir='ltr'><strong>marinis</strong></span> <span class='ocrx_word' id='word_1_416' title='bbox 384 5001 463 5074; x_wconf 83' lang='lat' dir='ltr'><strong>fere</strong></span> <span class='ocrx_word' id='word_1_417' title='bbox 485 5023 627 5092; x_wconf 82' lang='lat' dir='ltr'><strong>semper</strong></span> <span class='ocrx_word' id='word_1_418' title='bbox 640 4998 845 5072; x_wconf 82' lang='lat' dir='ltr'><strong>inundatur.</strong></span> 
     </span>
    </p>
   </div>
   <div class='ocr_carea' id='block_1_9' title="bbox 0 0 2268 5842">
    <p class='ocr_par' dir='ltr' id='par_1_11' title="bbox 0 0 2268 5842">
     <span class='ocr_line' id='line_1_42' title="bbox 0 0 2268 5842; baseline 0 6"><span class='ocrx_word' id='word_1_419' title='bbox 0 0 2268 5842; x_wconf 95' lang='lat' dir='ltr'><strong> </strong></span> 
     </span>
    </p>
   </div>
  </div>
 </body>
</html>
