4525 5842
653 399 727 475 148
1008 387 1181 459 SECTIO
1208 386 1425 480 QVARTA.
1485 391 1762 467 coNFERvA:

732 595 851 659 euntia
872 593 1011 659 recentis
1033 592 1261 678 rigidiuscula,
1294 598 1459 665 exsiccatae
1482 598 1630 664 flaccida.
1678 600 1820 668 Aaou.
1866 600 1995 668 charte
2016 625 2089 669 non
2113 601 2175 670 ad·

733 698 848 764 baerct.

403 909 496 981 ch.
515 915 577 992 51,·
620 916 624 924 ’
675 901 739 990 27.
790 896 826 966 C.
840 867 1120 990 Melegenium5
1146 896 1215 968 filis
1230 899 1468 992 simplicibus,
1489 900 1751 993 crassiusculis,
1766 863 1919 996 rigidis,
1934 905 2087 999 strictis,
2113 931 2175 998 ar-⁴

599 1029 717 1106 ticubs
733 1032 909 1101 diametro
923 1032 1033 1124 triplo
1046 1030 1287 1124 longioribus,
1303 1037 1467 1106 siccitate
1483 1035 1687 1108 alternatim
1701 1041 1924 1128 compressis.

736 1193 885 1266 confirm
904 1198 1104 1268 Melagonium
1128 1196 1212 1248 Web.
1234 1201 1261 1248 ἃ
1281 1198 1365 1250 Mebr
1389 1200 1419 1252 it.
1450 1218 1520 1256 saec.
1547 1221 1574 1272 p.
1600 1218 1655 1274 194.
1688 1200 1760 1254 Tab.
1779 1214 1806 1265 3.
1834 1200 1877 1272 lig.
1897 1220 1922 1254 2.
1942 1222 1975 1285 a..
1991 1206 2019 1257 b.
2037 1239 2066 1254 -
2091 1207 2172 1264 Rotlt.
2247 1287 2248 1296 ἵ

799 1264 860 1317 Cae
876 1265 934 1319 bot.
952 1275 979 1329 3,
995 1283 1024 1337 p.
1042 1281 1103 1337 ,²54
1121 1272 1151 1314 -ὲ
1168 1263 1260 1320 Dillw.
1280 1265 1382 1321 lutred.
1411 1287 1438 1340 p.
1459 1281 1503 1340 48.
1523 1285 1551 1323 at
1570 1270 1666 1342 Suppl.
1686 1271 1756 1324 Tab.
1776 1271 1808 1326 B.
1826 1275 1918 1343 -.lg
1939 1271 2029 1366 Drap.
2041 1294 2070 1347 p.
2086 1288 2128 1342 ὄσ.
2148 1292 2177 1333 ec

799 1333 862 1401 85¹¹·
882 1353 910 1405 e·
931 1345 975 1404 84·

603 1431 817 1548 Habitat&
830 1499 919 1545 saxa
931 1478 970 1545 in
983 1457 1166 1567 profundo
1182 1478 1265 1580 ostii
1279 1480 1376 1549 sinus
1393 1445 1638 1569 Othiniensis,
1655 1492 1692 1550 et
1713 1484 1760 1552 ad
1781 1482 1899 1590 caules
1924 1484 2107 1561 Fucerum
2125 1491 2172 1562 ad

509 1603 513 1610 ’
603 1632 705 1681 oram
718 1608 989 1701 Heirnansgave
1006 1610 1160 1699 Pioniae,
1185 1612 1311 1680 rarius.
1362 1609 1420 1682 Aa
1433 1616 1566 1683 ostium
1583 1616 1680 1683 sinus
1698 1605 1872 1687 Oxefiord
1884 1617 2085 1713 Nervegiaa
2131 1624 2172 1694 ln

603 1767 740 1815 oceano
761 1742 956 1831 Islandico,
993 1741 1131 1814 Weber
1155 1755 1194 1814 et
1215 1741 1354 1828 Mola„
1406 1745 1450 1816 In
1477 1750 1569 1817 mari
1590 1746 1874 1842 Groenlandico,
1909 1756 1971 1825 W
1965 1756 2171 1828 armabiold.

603 1874 662 1946 Ad
679 1876 815 1947 insulsa
829 1876 1038 1959 Faeroenscs
1050 1880 1089 1948 in
1103 1879 1282 1988 superiori
1296 1877 1455 1992 refluxus
1471 1879 1603 1976 limite,
1622 1892 1666 1953 ut
1684 1885 1730 1956 ad
1741 1884 1914 1981 Rideeig,
1934 1887 2083 1986 Quirig,
2107 1917 2171 1974 co-⁴

603 2031 716 2101 prose.
788 2033 790 2038 ’

649 2172 775 2242 DESC.
820 2175 931 2240 Radix
947 2173 1048 2242 callus
1069 2199 1208 2266 parvus,
1234 2196 1394 2258 scutatus,
1419 2181 1597 2265 nigricans.
1637 2181 1709 2248 Fila
1733 2208 1773 2249 er
1793 2185 1907 2252 cadem
1926 2189 1999 2257 haei
2021 2191 2171 2284 plurima,

737 2297 928 2360 aggregata,
952 2303 1029 2344 raro
1045 2279 1207 2360 solitaria,
1232 2282 1408 2371 simplicia,
1433 2287 1562 2365 teretia,
1588 2303 1713 2367 erecta,
1744 2287 1885 2378 palmari
1898 2295 1937 2358 ad
1950 2297 2198 2385 spithamaeam·

736 2378 963 2468 longitudine,
998 2399 1066 2446 seta
1086 2385 1226 2473 porcina
1246 2386 1325 2475 2plo
1356 2390 1532 2468 crassiora,
1564 2390 1794 2482 rigidiuscula,
1829 2420 1952 2462 sursum
1978 2391 2170 2490 spectantia,

735 2485 865 2563 stricta,
890 2486 983 2574 apice
998 2485 1125 2551 obtusa.
1167 2488 1307 2554 Articuli
1323 2490 1494 2559 inferiores
1514 2493 1681 2564 interdum
1705 2495 1866 2565 diametro
1890 2502 2041 2592 aquales,
2070 2509 2172 2573 ceteri

737 2586 779 2652 ad
799 2611 901 2652 unum
916 2612 1028 2669 ornnes
1044 2589 1124 2681 3plo
1138 2590 1322 2676 longiores,
1346 2612 1378 2659 et
1394 2598 1422 2662 si
1435 2598 1469 2660 in
1486 2598 1702 2665 exsiccatione
1716 2599 1842 2668 nullam
1863 2603 1916 2669 fila
1940 2631 2034 2698 passa
2051 2608 2172 2677 suerint

723 2675 956 2781 pressionem,
983 2693 1167 2760 alternatim
1191 2701 1381 2786 compressi.
1437 2700 1597 2782 Genicula
1615 2704 1823 2800 brevissima,
1853 2708 2037 2798 pellucida,
2058 2736 2173 2803 parum

735 2812 912 2858 contracta.
960 2796 1062 2860 Color
1077 2814 1217 2862 saturate
1232 2800 1356 2864 viridis.
1403 2802 1590 2869 Substantia
1606 2810 1748 2873 recentis
1768 2810 1888 2895 rigida,
1914 2816 2081 2886 exsiccatae
2095 2819 2175 2886 flac·
2247 2815 2248 2908 l

631 2918 635 2925 ·
735 2894 852 2961 cidior.
895 2899 1024 2962 Annua.
1065 2900 1152 2965 Vere
1166 2918 1197 2964 ct
1213 2919 1330 2968 aestate.
1374 2905 1502 2971 Chartae
1525 2932 1596 2974 non
1612 2910 1767 2980 adhaeret.

646 3003 738 3075 OBS.
778 3011 920 3099 Quando
943 3015 978 3077 in
998 3011 1078 3080 locis
1102 3015 1263 3083 natalibus
1286 3021 1531 3105 Faeroeusibus,
1571 3027 1762 3095 scrobiculis
1784 3056 1902 3125 nempe
1923 3039 2077 3121 marinis,
2114 3043 2171 3120 sub

736 3138 819 3203 aqva
832 3118 1052 3207 conspicitur,
1077 3123 1212 3188 cannino
1229 3122 1395 3191 albescere
1410 3127 1461 3193 vel
1476 3127 1622 3218 chalybis
1637 3130 1749 3221 politae
1763 3135 1865 3201 instar
1885 3138 2008 3224 fulgere
2023 3144 2170 3229 videtur,

737 3235 879 3285 extracta
893 3245 992 3299 vero,
1017 3222 1080 3288 hoc
1094 3223 1223 3308 fulgore
1241 3248 1469 3311 evanescente,
1493 3250 1633 3299 saturata
1659 3236 1773 3303 viridis
1796 3262 1942 3333 apparet.
1967 3283 2012 3299 —
2034 3250 2065 3315 A
2085 3274 2172 3340 prae·
2247 3241 2248 3250 ἵ

736 3327 871 3388 cedente
888 3322 999 3388 differt
1012 3326 1155 3391 articulis
1171 3326 1394 3414 longioribus,
1418 3334 1581 3421 rigiditate
1594 3342 1711 3425 majori
1734 3360 1767 3408 et
1792 3344 1903 3413 colere
1925 3351 2107 3420 intensiori.
2130 3393 2173 3408 -

736 3424 884 3489 Granula
893 3473 902 3506 ,
928 3450 999 3515 qvae
1014 3430 1049 3495 in
1063 3431 1207 3499 articulis
1225 3439 1445 3519 continentur,
1469 3436 1511 3504 ad
1527 3441 1691 3525 genicula,
1717 3468 1788 3535 qvae
1801 3449 1878 3517 inde
1893 3456 2047 3546 utrinqve
2062 3461 2174 3546 nigrae

734 3530 856 3594 scentia
872 3528 1031 3614 evadunt,
1052 3545 1285 3604 coacervantur
1293 3566 1305 3624 3
1327 3540 1415 3607 unde
1429 3567 1550 3610 nomen
1564 3571 1602 3612 ex
1615 3551 1710 3632 μέλας
1725 3567 1757 3616 et
1768 3557 1838 3635 γόνυ
1854 3562 2085 3650 compositum.

810 3683 812 3686 ι
866 3725 947 3804 ,epp
991 3726 1235 3799 schemeses-es.

401 3888 573 3970 Tam&
672 3891 736 3962 28.
769 3881 818 3960 ,0.
834 3882 1023 3974 Pteridis5
1047 3886 1115 3958 filis
1128 3891 1369 3996 simplicibus,
1394 3901 1622 3991 repentibus,
1646 3905 1876 4004 acuminatis5
1900 3913 2061 3987 articulis
2081 3916 2173 4003 lon-j
2245 3875 2248 3886 .

599 4011 844 4102 giutdinaliter
858 4016 1019 4111 plicatis,
1044 4023 1220 4095 diametro
1242 4028 1350 4118 triple
1364 4027 1598 4124 longioribus.

734 4175 883 4245 eonferva
901 4182 1029 4235 Prende
1048 4187 1095 4255 Ag.
1116 4187 1198 4260 Disp-
1219 4207 1246 4259 a·
1267 4201 1310 4253 διε
1329 4206 1357 4245 et
1374 4192 1436 4263 Syn.
1456 4215 1484 4268 p.
1501 4197 1545 4268 76.

599 4315 754 4389 Habitat
767 4318 814 4386 ad
828 4319 965 4386 radices
978 4319 1132 4406 Pteridis
1148 4326 1313 4418 aqvilinae
1336 4333 1504 4426 uulgaris.

641 4478 766 4548 DESC.
813 4478 999 4546 Fasciculus
1017 4480 1154 4567 densus,
1178 4479 1322 4556 radicem
1337 4491 1492 4566 Periclis·
1504 4499 1657 4596 utrinqve
1680 4507 1882 4595 obvcstiens',
1907 4511 2022 4584 sabulo
2037 4520 2186 4590 immix-

730 4602 792 4650 tus.
826 4585 911 4654 'Fila
925 4587 1101 4677 simplicia,
1126 4592 1293 4676 intricata,
1317 4615 1417 4664 saum
1443 4607 1595 4693 equinam
1608 4635 1731 4694 crasse,
1754 4624 1818 4690 3-4
1833 4618 1936 4686 lineas
1954 4620 2070 4708 longa,
2095 4632 2185 4720 api-

731 4710 803 4750 cem
824 4712 936 4755 versus
957 4695 1147 4761 acuminata.
1191 4697 1333 4766 Articuli
1348 4701 1506 4776 diametro
1528 4714 1647 4804 3-4plo
1669 4715 1852 4803 longiores,
1876 4722 1960 4789 linea
1981 4726 2036 4793 vel
2057 4733 2185 4820 petius

730 4788 818 4880 plica
841 4815 905 4854 una
925 4793 1065 4861 alterave
1085 4795 1316 4882 longitudinali
1339 4807 1483 4880 flexuosa
1504 4816 1559 4881 hic
1581 4818 1648 4884 illic
1674 4825 1790 4890 noua.
1836 4827 1996 4894 Genicula
2015 4834 2185 4919 obscura,

729 4891 895 4958 interdum
908 4896 1085 4979 annularis,
1109 4920 1286 4974 contracta.
1334 4912 1436 4982 Color
1452 4920 1590 5007 caespitis
1606 4921 1831 5009 fusco-ruber,
1853 4930 1987 5013 filorum
2001 4938 2062 5001 sub
2078 4936 2186 5006 lente

728 5021 860 5081 aureus,
896 4998 999 5069 rubro
1022 5003 1158 5089 tinctus,
1195 5010 1399 5101 splendidus.
1460 5019 1649 5091 Substantia
1670 5044 1797 5116 tenera,
1830 5039 1996 5110 exsiccatae
2031 5040 2186 5130 fragilis.
