4525 5842
640 338 814 417 &ECHO
838 341 1004 419 PRIMA.
1035 386 1036 389 π
1061 342 1210 420 uLvn
1394 380 1403 390 ·
1604 343 1669 443 pq

103 545 272 621 Habitat
294 554 342 624 in
365 572 502 623 cosmo
525 548 712 642 Islantlieo,
734 554 859 646 Esper
873 556 920 624 sd
932 556 1023 629 Tala
1040 560 1099 638 64.
1212 522 1215 527 ¹

151 684 288 752 DESC.
346 686 456 755 Radix
479 701 515 750 nt
537 684 766 776 praeeedentis.
821 687 971 754 Frondes
995 707 1185 774 aggregate.
1238 693 1346 785 Stipes
1365 694 1436 763 basi
1458 713 1560 778 teres,
1591 723 1709 791 pennae

106 792 112 803 '
250 794 410 857 corvinae
436 791 598 869 crassitie,
622 788 680 855 sed
699 812 778 856 mox
802 814 1019 883 compressus.
1066 793 1199 860 Folium
1226 816 1422 881 ecostatum,
1445 801 1600 893 simplex,
1626 830 1717 895 qva-v

255 912 341 963 tuor
357 895 399 962 ad
412 913 491 962 ‘octo
506 891 644 985 pollices
660 892 806 978 longum.
859 898 975 980 Margo
998 898 1246 982 integerrimus,
1269 903 1386 993 planus
1396 952 1406 984 ,
1427 928 1497 970 non
1518 884 1707 997 proliserus.

260 1000 408 1067 Fructus
426 999 558 1066 Semina
574 998 698 1081 exigua,
723 998 901 1088 sphaerica,
928 1003 1091 1082 coccinea,
1108 1005 1144 1069 in
1157 1006 1299 1072 maculas
1313 1006 1471 1074 informes
1489 1029 1652 1093 congesta,
1678 1029 1711 1080 et

262 1106 454 1171 substantiae
480 1098 609 1168 frondis
637 1103 723 1167 inter
744 1101 964 1192 epidermides
995 1107 1157 1175 immersa.
1216 1110 1319 1177 Color
1350 1113 1476 1179 intense
1504 1117 1707 1199 sangvineus,

264 1209 464 1302 subopaeus.
511 1206 698 1274 Substantia
713 1229 850 1273 carnosa
873 1207 926 1275 vel
941 1211 1103 1287 coriacea,
1129 1214 1353 1282 crassiuscula.

125 1425 130 1433 ’
215 1419 253 1490 a
314 1406 358 1476 U.
376 1403 571 1473 rubescens
576 1424 591 1491 ,·
616 1400 746 1472 fronde
760 1400 967 1497 lanceolata,
991 1407 1049 1480 vel
1063 1409 1357 1504 subcnneiformi,
1383 1414 1484 1506 apice
1498 1412 1629 1507 lobato,
1643 1418 1704 1489 in-
1754 1413 1846 1488 Tib.
1866 1421 1905 1496 7.

123 1536 255 1633 tegra,
280 1541 473 1611 seminibus
492 1535 718 1638 majusculis,
743 1535 928 1633 solitariis,
960 1538 1083 1612 frondi
1096 1546 1283 1616 immersis.
1374 1624 1375 1629 ,

127 1723 136 1731 ’
185 1705 344 1777 Habitat
356 1708 394 1776 in
406 1702 586 1796 profimdo
599 1705 707 1772 maris
724 1713 808 1774 aute
829 1708 961 1777 ostium
983 1711 1081 1778 siuns
1094 1708 1269 1780 Oxefiord
1282 1709 1491 1804 Noraegise,
1518 1712 1617 1783 Fnco
1639 1735 1706 1786 ve-

129 1838 290 1908 siculoso
305 1837 531 1909 etaliisraro
545 1839 742 1907 innascens.
1007 1842 1012 1853 '
1319 1849 1321 1853 '

176 1993 308 2061 DESC-
347 1995 452 2063 Radix
467 1990 567 2059 callus
590 2013 711 2082 parvus
728 1992 903 2075 nigricans.
954 1994 1063 2085 Stipes
1082 1992 1204 2062 nullus.
1252 1997 1384 2068 Folium
1395 1997 1552 2088 planum,
1575 2014 1704 2084 caterve,

267 2097 339 2163 basi
354 2113 568 2176 attenuatum,
592 2093 671 2168 2ad
687 2092 857 2185 apollines
873 2095 1027 2181 longum,
1049 2117 1082 2164 et
1106 2096 1343 2191 semipallieem
1365 2121 1398 2169 et
1418 2101 1505 2168 ultra
1526 2101 1648 2183 latum,
1668 2123 1705 2172 ut

230 2238 233 2243 ·
264 2201 445 2293 plurimum
461 2197 697 2277 lanceolatum‚
721 2198 888 2264 interdum
905 2200 1107 2269 cruciforme
1126 2222 1160 2269 et
1184 2200 1276 2297 apice
1299 2202 1589 2288 lebate-incisum,
1612 2230 1704 2271 mar-

264 2306 619 2389 gineintegeriimum.
671 2302 813 2368 Fructus
838 2302 969 2370 Semina
991 2305 1188 2390 majuscula,
1220 2323 1316 2374 ovata
1338 2307 1392 2374 vel
1415 2309 1576 2387 rotunda,
1601 2310 1703 2390 fusca,

262 2409 379 2479 frondi
393 2408 541 2475 solitarie
564 2403 795 2470 etinordinate
817 2407 979 2474 immersa.
1025 2408 1128 2476 Color
1154 2411 1281 2500 luscus,
1305 2413 1409 2479 rubro
1435 2414 1565 2481 unctus
1611 2415 1702 2481 Sub-

266 2515 388 2579 stantia
402 2512 661 2587 membranacea,
680 2508 747 2587 ¹sub
763 2506 849 2574 lente
863 2513 994 2600 punctis
1018 2510 1300 2596 longitudinalitet·
1319 2513 1487 2606 dispositu
1506 2517 1704 2587 seminibus-

273 2638 340 2707 qve
352 2614 532 2697 majoribus
546 2611 750 2697 intermixtis,
774 2611 914 2703 pulchre
937 2630 1059 2679 notata.

129 2848 134 2861 .
211 2820 247 2899 4
304 2811 349 2884 U.
367 2806 591 2898 solrolrfern,⁸
615 2803 747 2879 fronde
767 2810 893 2903 plana,
917 2810 1296 2903 palmato-laciniam,
1320 2814 1483 2907 margine
1508 2807 1703 2910 pestiferam

122 2948 268 3021 laumiis
284 2970 434 3019 smsnm
443 2942 620 3032 dilamfis,
643 2946 792 3014 summis
811 2948 913 3037 apice
926 2945 1256 3017 multifido-incisis.

263 3083 354 3137 Fusus
370 3080 544 3153 soboltfqrus
560 3081 598 3138 tl.
618 3080 645 3137 d.
664 3082 700 3137 Τ.
723 3076 795 3149 1065.
814 3102 853 3120 -
866 3081 953 3133 Turn.
973 3081 1045 3139 msc
1066 3080 1101 3133 Τ.
1121 3096 1165 3151 45.
1186 3106 1222 3123 -
1245 3078 1396 3136 Wahtenb.
1415 3078 1442 3134 ll.
1462 3079 1535 3154 lapp.
1560 3100 1589 3138 n.
1603 3089 1666 3154 949.

268 3193 442 3265 Halymsnta
458 3190 620 3262 soboltfera
636 3191 689 3261 Ag,
702 3188 765 3259 Syn.
785 3207 812 3261 p.
828 3187 870 3252 36.

108 3280 291 3403 'umarus
308 3306 347 3373 n
363 3307 455 3374 mars
472 3302 703 3395 ramanae,
721 3300 835 3375 Vasa
849 3300 954 3371 ..n
971 3302 1053 3371 sna
1066 3301 1178 3372 marn
1194 3321 1309 3395 prope
1324 3286 1573 3393 Nidarosiau3
1596 3297 1704 3371 Ami-

121 3462 197 3511 cus
213 3435 486 3526 Summerseldt
498 3441 538 3508 in
550 3437 690 3509 litteris.
758 3482 759 3485 =

172 3574 303 3641 Dnsc.
348 3571 456 3638 Radix
474 3570 574 3636 callus
590 3572 735 3654 exiguus.
773 3569 890 3659 ¹Stipes
910 3566 1138 3648 brevissimus,
1163 3565 1406 3649 teretinsmlus,
1430 3591 1509 3637 mox
1524 3570 1705 3658 'compres-

121 3710 126 3719 ·
265 3701 332 3742 sus.
391 3678 499 3742 Frons
522 3674 665 3765 palmam
686 3674 816 3740 circiter
839 3672 954 3755 longa,
988 3678 1134 3753 ramosa,
1167 3671 1293 3764 pluries
1321 3671 1449 3738 bifurca
1476 3670 1529 3739 vel
1546 3671 1704 3763 palmata.

267 3777 364 3846 Folia
376 3781 504 3869 apicem
516 3803 629 3846 versus
641 3776 793 3849 dilatata,
817 3793 849 3841 et
862 3775 1156 3856 subcuneiformia,
1180 3794 1322 3841 extrema
1338 3776 1430 3864 apice
1446 3773 1595 3855 (lentata,
1619 3774 1704 3841 tlen-

268 3883 354 3948 tibus
376 3882 528 3973 plurimis
556 3883 732 3961 brevibus,
752 3880 957 3945 subsetaeeis.
1002 3881 1117 3962 Margo
1132 3881 1379 3962 integerrimus,
1404 3900 1491 3968 saepe
1515 3877 1704 3969 prolisque

271 3984 373 4052 Color
388 4012 513 4054 roseus.
557 3987 748 4079 Substantia
769 3984 1032 4063 membranacea,
1055 3983 1118 4048 sub
1140 3980 1228 4048 lente
1251 3979 1438 4063 reticulata,
1462 3980 1597 4050 maculis
1623 3983 1704 4049 sub-

265 4089 420 4156 rotundis
436 4108 560 4172 ornata,

166 4211 278 4280 0135.
316 4214 367 4277 Ne
384 4210 549 4278 ulterioris
563 4211 763 4278 confirsionis
779 4235 855 4277 ansa
871 4208 984 4289 detur,
1010 4209 1075 4277 boc
1095 4206 1137 4274 de
1151 4206 1304 4272 citatione
1327 4205 1444 4273 Floroe
1467 4205 1599 4270 danicae
1619 4201 1703 4266 Tab.

272 4324 356 4387 1065
366 4314 566 4382 monendum
579 4340 648 4382 esse
664 4336 791 4382 censeo.
822 4308 878 4379 ¹ln
894 4312 1110 4405 dispositione
1124 4311 1328 4381 Tabularum
1346 4308 1399 4377 Fl.
1408 4310 1443 4375 d.
1459 4306 1550 4381 1066.
1565 4322 1602 4369 et
1611 4311 1704 4375 1066.

267 4418 388 4485 menda
405 4422 582 4509 irrepserat
596 4437 750 4510 respectu
767 4435 882 4506 textus,
906 4420 963 4508 qvi
982 4417 1153 4501 diagnoses
1169 4419 1330 4497 eontinet3
1354 4414 1494 4500 ideoqve
1509 4405 1590 4474 Cella
1603 4408 1705 4484 Roth,

272 4522 480 4613 flentepold
489 4572 499 4599 ,
526 4523 679 4601 Turner,
712 4524 770 4589 W
766 4521 949 4611 alelenberg
954 4570 966 4599 ,
997 4518 1164 4606 Agnrdlt,
1196 4521 1314 4607 qvibus
1338 4514 1488 4581 omnibus
1510 4510 1708 4601 exemplaria

266 4629 448 4715 vetustiora
463 4625 570 4713 Flpraa
587 4628 720 4713 Daniea
735 4629 806 4695 sine
820 4625 922 4693 dubio
937 4621 980 4687 ad
995 4634 1110 4703 manus
1126 4618 1269 4696 suerunt,
1285 4615 1448 4682 Tabulam
1465 4623 1556 4688 1065.
1574 4615 1615 4681 ad
1630 4616 1706 4681 Fu-

268 4755 350 4799 eum
358 4732 535 4818 punailnm
551 4729 603 4795 Fl.
622 4729 656 4795 (L
673 4747 706 4794 et
721 4730 805 4794 Tab.
823 4736 915 4800 1066.
931 4724 974 4789 ad
989 4714 1124 4788 Fanum
1139 4719 1359 4808 aoboliferum
1378 4722 1497 4803 citant,
1520 4738 1553 4787 et
1573 4718 1705 4810 qvidem

267 4850 373 4914 reete,
396 4834 561 4924 siqvidem
574 4833 710 4899 Tabula
727 4829 990 4914 diagnosibusin
998 4827 1228 4894 vetustioribus
1243 4824 1481 4917 exemplaribus
1495 4828 1540 4890 ita'
1548 4825 1635 4888 bene
1649 4844 1706 4886 re-

266 4938 448 5031 spondent·
488 4939 635 5007 Rotlsius
646 4939 772 5029 primm
787 4934 883 5018 huius
897 4930 1128 5018 mandatarii
1147 4933 1355 5001 montionem
1369 4933 1413 5007 ia
1429 4931 1500 5007 cae
1520 4930 1588 4995 bat
1609 4937 1650 5007 2,
1669 4948 1705 5018 p.

1235 5040 1314 5125 (4¹)
