4525 5842
934 389 1107 462 sueno
1121 353 1301 463 'snxrs
1363 388 1621 464 suesanus.

1015 592 1545 684 APPENDIX.

297 908 387 982 Τὼ.
403 918 464 993 70.
489 901 581 970 OBS.
606 914 636 972 1.
694 853 914 979 Gtojonema
928 893 1219 987 paradoxum'Ag,
1227 901 1322 990 Disp.
1336 924 1371 991 p.
1385 904 1438 972 45.
1455 913 1487 961 et
1503 894 1627 987 Synp.
1639 907 1711 968 120.
1737 928 1779 945 -
1800 893 1893 960 Hanc
1908 865 2071 983 speciem,¹

571 1021 652 1106 'qvae
669 1010 802 1104 quidem
816 1013 897 1077 mihi
910 1011 1060 1079 nondum
1078 1005 1240 1092 occurrit,
1264 1017 1352 1097 juxta
1369 1009 1566 1103 exemplaria
1586 1012 1722 1091 siccata,
1752 1033 1824 1101 qrae
1838 1005 1922 1089 vidi,
1951 1008 2065 1097 potius

414 1197 419 1208 .
519 1105 529 1180 i
582 1128 694 1215 generi
709 1126 858 1217 Bangioe
878 1153 975 1218 qvam
990 1151 1092 1212 regno
1114 1126 1247 1194 animali
1261 1126 1542 1195 annumerandam
1560 1150 1630 1195 esse
1651 1127 1783 1218 opinor.

296 1294 387 1368 Τὼ,
408 1299 467 1375 70.
493 1285 586 1357 OBS.
609 1300 643 1362 2·
688 1286 902 1356 PollenPini
914 1290 1096 1377 sylvestris.
1127 1288 1236 1352 Massa
1251 1286 1348 1367 flava,
1360 1287 1574 1354 minutissime
1591 1283 1776 1371 granulosa,
1791 1282 1976 1374 superficiei
1990 1305 2066 1349 ma-

578 1406 625 1471 ris
638 1401 832 1494 laeuumque
843 1405 992 1484 innatans
1008 1421 1064 1470 snt
1078 1402 1121 1468 ad
1134 1404 1223 1493 ripas
1236 1406 1336 1487 eiecta
1352 1403 1414 1467 sub
1427 1401 1528 1468 finem
1539 1403 1658 1468 mensis
1673 1401 1754 1484 Maji
1770 1417 1802 1465 et
1814 1399 1856 1463 ab
1871 1400 1965 1466 initio
1974 1399 2065 1465 Iunii

579 1517 747 1586 interdum
759 1519 940 1608 reperitur,
966 1542 1037 1608 qvae
1059 1518 1142 1583 lenti
1165 1505 1347 1600 subjectae
1374 1517 1518 1601 granulis
1541 1516 1694 1584 solitariis
1717 1516 1859 1580 incurvis
1882 1512 1935 1580 vel
1957 1516 2060 1581 oratis

544 1676 549 1688 ·
581 1649 749 1722 constant.
774 1630 921 1698 orculam
931 1632 1170 1718 reserantibus,
1195 1631 1347 1721 utrinque
1360 1632 1485 1699 obtusis
1502 1649 1534 1698 et
1548 1631 1823 1716 nigrescentibus,
1850 1628 1960 1696 medio
1979 1630 2062 1694 sub·

557 1728 773 1839 pellucidis,
798 1747 1062 1827 flavescentibus,
1086 1743 1274 1812 reticulatis.
1321 1746 1413 1834 Qvid
1429 1765 1536 1812 essent
1549 1747 1619 1811 haec
1634 1744 1783 1830 granula,
1810 1731 1885 1810 cum
1911 1743 1969 1809 diu
1987 1743 2060 1809 hae-

582 1865 731 1958 sitarem,
757 1862 890 1927 tandem
907 1887 976 1928 esse
998 1863 1122 1931 Pollen
1140 1862 1224 1927 Pini
1244 1862 1416 1948 sylvestris
1438 1861 1501 1928 suit
1521 1843 1739 1928 observatum.
1786 1862 1878 1927 Hanc
1902 1860 2060 1928 observa·

581 1975 777 2056 tiunculam,
806 1975 883 2042 licet
896 2001 992 2043 sensu
1007 1979 1164 2043 strictiori
1176 1977 1241 2041 huc
1262 2000 1332 2043 non
1347 1979 1510 2067 pertineat
1524 1995 1556 2043 et
1575 2001 1637 2068 per
1660 2001 1694 2043 se
1719 1977 1761 2042 sit
1781 1974 1879 2056 levis,
1909 1976 2058 2042 omittere

581 2109 689 2157 tamen
705 2090 814 2172 nolui,
836 2117 878 2158 ne
892 2089 980 2172 aliis,
1005 2093 1123 2183 quibus
1139 2091 1210 2157 haec
1223 2114 1327 2157 massa
1343 2092 1439 2159 obvia
1454 2092 1561 2175 fieret,
1588 2094 1625 2157 in
1639 2091 1784 2178 ejusdem
1804 2092 1931 2175 origine
1952 2107 1984 2155 et
2003 2093 2059 2155 in-

582 2205 659 2271 dole
671 2205 791 2271 (liutius
811 2208 898 2289 justo
922 2229 1005 2296 aqva
1027 2206 1177 2273 haereret.
1223 2209 1309 2272 Ante
1324 2204 1447 2295 aliquot
1467 2232 1569 2274 annos
1582 2207 1718 2287 accidit,
1742 2206 1832 2297 qvod
1846 2206 1985 2272 relatum
1998 2229 2055 2272 ac·

580 2322 672 2408 cepi,
698 2336 734 2383 ut
750 2318 862 2408 pluvia
875 2317 1069 2407 sulphurea,
1090 2342 1162 2409 qvae
1183 2318 1321 2401 dicitur,
1348 2337 1495 2409 tempore
1518 2315 1644 2388 vernali
1666 2322 1829 2413 oppidum
1848 2321 1994 2409 Hafm‘oe
2018 2339 2052 2387 et

580 2433 654 2500 loca
673 2434 780 2498 vicina
801 2432 985 2512 invaderet,
1006 2432 1178 2523 pulverem
1198 2434 1319 2498 flavum
1339 2457 1450 2510 secum
1468 2435 1594 2531 ferens,
1617 2459 1754 2526 eumque
1776 2438 1812 2501 in
1832 2438 1912 2515 viis,
1933 2435 2049 2520 stagnis

579 2548 736 2637 tectisque
754 2547 887 2636 copiose
908 2546 1114 2636 relmqrens3
1138 2572 1198 2613 nec
1222 2525 1357 2629 dubito,
1383 2552 1463 2639 qvin
1484 2552 1543 2616 iste
1566 2550 1675 2641 pulvis
1699 2550 1798 2616 fuerit
1820 2549 1934 2642 pollen
1954 2550 2052 2631 idem,

463 2702 467 2712 ·
580 2643 700 2751 dequo
714 2662 769 2731 hic
783 2686 891 2729 sermo
907 2679 1070 2742 versatum
1091 2661 1179 2730 unde
1192 2686 1270 2728 vcro
1286 2664 1321 2727 iu
1335 2681 1421 2728 tanta
1436 2666 1532 2754 copia
1546 2667 1703 2745 venisset,
1724 2689 1794 2732 non
1808 2664 1904 2731 facile
1920 2684 1969 2732 est
1980 2666 2054 2732 dic-

493 2849 495 2854 s
579 2793 632 2857 tu,
649 2775 761 2842 forsan
775 2801 792 2841 e
807 2779 940 2860 regione
953 2774 1193 2865 Megapolitana
1208 2775 1260 2842 vel
1275 2778 1483 2857 Pomerania,
1506 2779 1563 2844 ubi
1578 2782 1690 2870 pineta
1704 2782 1837 2871 copiosa
1851 2805 1921 2847 esse
1934 2781 2054 2848 dicun-

577 2906 642 2954 tur.
688 2890 727 2952 In
747 2890 820 2952 sinu
845 2887 1000 2967 Codano,
1024 2888 1143 2978 procul
1167 2914 1186 2953 a
1208 2888 1319 2957 littore
1341 2893 1483 2974 Sveoiae,
1506 2894 1594 2984 qvod
1618 2896 1715 2962 nohis
1736 2896 1962 2979 navigantibus
1984 2897 2053 2962 fore

576 3018 769 3081 recesserat,
794 3004 906 3068 striam
921 3001 1040 3069 flavam
1052 2990 1213 3094 istamque
1230 3005 1290 3070 sub
1307 3005 1406 3073 finem
1418 3007 1500 3092 Maji
1520 3008 1604 3090 vidi,
1629 3010 1814 3100 superficiei
1834 3012 1934 3118 mariis
1957 3029 2051 3077 tran-

576 3113 670 3205 qvilli
685 3125 751 3205 per'
760 3114 895 3202 longum
911 3134 1051 3185 tractum
1065 3119 1282 3200 innatantem,
1306 3144 1377 3210 qvae
1393 3121 1528 3212 qvidem
1544 3148 1562 3188 a
1575 3127 1683 3191 nautis
1704 3150 1768 3216 pro
1792 3125 1897 3193 ovuiis
1911 3128 2053 3217 piscium

575 3230 740 3296 venditata
758 3230 837 3312 suit,
857 3232 915 3299 sed
931 3232 1117 3317 diligentius
1134 3236 1280 3324 inspecta
1297 3233 1411 3326 pollen
1427 3256 1576 3305 nostrum
1595 3264 1663 3305 esse
1678 3241 1851 3330 apparuit3
1875 3259 2074 3312 ventorum.

397 3363 401 3370 ·
442 3417 445 3426 Ι
574 3345 673 3426 igitur
689 3366 753 3431 ope
768 3343 882 3432 pollen
897 3345 980 3412 illud
994 3371 1012 3413 e
1026 3347 1211 3437 longinqvis
1234 3350 1420 3434 regionibus
1441 3376 1503 3442 per
1522 3365 1632 3422 aerem
1654 3353 1735 3423 ferri
1756 3355 1808 3421 hae
1828 3379 1881 3421 res
1903 3358 1939 3422 in
1961 3358 2049 3427 sacto

572 3459 688 3548 positas
699 3474 892 3525 monstrant.
939 3460 1040 3549 Qvod
1054 3463 1130 3527 huic
1148 3460 1268 3552 pollini
1283 3488 1344 3528 usu
1359 3468 1470 3548 venit,
1493 3469 1528 3534 id
1543 3471 1640 3536 etiam
1653 3471 1830 3537 seminibus
1844 3473 2047 3554 Muscorum,

573 3569 764 3654 Fungorum
778 3571 980 3664 aliorumqve
993 3593 1280 3666 cryptogamorum
1300 3580 1524 3648 minutisumis
1545 3587 1674 3652 evenire
1694 3602 1818 3676 potest,
1847 3609 1970 3677 neqve,
1993 3612 2048 3666 me

577 3685 698 3771 judice,
719 3685 881 3753 inha'rum
892 3689 1079 3781 plantarum
1092 3693 1287 3776 migratione
1304 3695 1497 3785 exponenda
1511 3722 1595 3791 opus
1608 3720 1674 3784 est,
1695 3717 1732 3768 ut
1745 3699 1788 3769 ad
1807 3715 1957 3772 veteram
1968 3704 2049 3795 opiff

573 3800 707 3872 nionetn
721 3802 762 3868 de
775 3803 994 3884 Generatione
1013 3808 1059 3876 sio
1075 3805 1164 3876 dicta
1181 3809 1348 3900 aequivoca
1362 3809 1553 3897 resumatur.
1584 3813 1585 3816 ’
