4525 5842
640 336 718 410 144«
1000 321 1173 400 sncno
1198 319 1420 417 oviam
1469 319 1750 400 commta:

600 577 605 590 ·
636 577 638 584 .
717 532 851 597 crebuit·
863 530 1004 620 deniqne
1018 530 1088 596 baec
1101 529 1233 621 planta,
1264 554 1340 598 cum
1354 528 1598 597 Celeberrimos
1611 553 1679 596 van
1691 529 1832 593 staram
1844 549 1932 605 mm,
1943 543 1945 552 ¹
1956 539 2071 618 utpote
2092 549 2168 617 qvae

600 675 604 690 .
682 633 685 638 “
718 636 762 700 ad
776 636 897 700 tussam
911 632 1160 725 producendam
1175 637 1359 728 praeprimis
1377 633 1514 714 laceret,
1540 637 1575 700 in
1592 633 1739 698 medium
1755 629 1912 722 protulit3
1935 631 1997 697 sed
2008 631 2079 696 haec
2097 631 2168 696 hu-

599 775 603 780 -
719 741 770 819 jus
784 740 847 803 viri
861 738 1019 803 sententia
1038 764 1106 807 non
1120 739 1183 806 nisi
1197 765 1237 806 ex
1252 756 1349 831 parto
1366 762 1443 805 vcra
1460 757 1519 818 est,
1542 737 1704 827 siquidem
1717 760 1787 801 non
1799 735 1911 801 solum
1923 733 2095 822 Conferre
2113 736 2168 799 ri-

600 843 626 886 ·'
718 842 849 907 soloris
863 867 894 906 v.
911 843 1052 908 Marum
1066 843 1178 933 (qvam
1192 842 1345 912 nonnulli
1360 866 1423 933 pro
1439 839 1539 927 Conf.
1553 839 1789 928 fugacissimo
1810 841 1903 905 Roas
1925 836 2082 920 babent),
2108 838 2170 903 sed

601 983 604 986 -
719 944 829 1010 mults
844 945 957 1036 plures
972 943 1147 1014 Consertae
1163 945 1205 1013 ad
1218 945 1304 1012 hanc
1320 963 1443 1010 naturis
1467 946 1693 1035 operationem
1714 943 1799 1010 vires
1820 968 1893 1009 suas
1918 944 2062 1009 invicem
2083 965 2172 1007 con-

599 1097 603 1104 .
719 1047 840 1114 ferunt.
872 1049 947 1136 (cle.
969 1052 1029 1114 Dr.
1050 1051 1172 1118 Creme
1193 1049 1228 1116 in
1250 1050 1454 1116 Hernasadt
1475 1048 1599 1115 Arcltiv
1622 1048 1683 1112 der
1703 1046 2023 1129 Agriculturcbemie
2044 1049 2118 1120 413.
2130 1071 2175 1154 Ρ.ι

720 1162 793 1226 258.
808 1171 841 1218 st
856 1151 1040 1240 Hofinann
1050 1154 1156 1244 Bang
1181 1160 1231 1221 De
1246 1180 1306 1221 usu
1322 1154 1563 1222 Conservarum
1578 1153 1614 1218 in
1627 1174 1743 1218 oecon.
1759 1168 1826 1216 nat.
1839 1175 1874 1242 p.
1892 1151 1959 1233 11.)

855 1345 909 1423 H
953 1370 1048 1434 oqvoe
1071 1348 1184 1413 talam.

391 1493 482 1565 Tab·
506 1502 565 1578 ts.
668 1501 725 1578 16.
780 1502 817 1572 C
834 1500 1074 1590 ceramicols5
1099 1503 1168 1574 filis
1182 1503 1414 1597 simplicibus,
1434 1503 1663 1589 tenuissimis,
1688 1501 1817 1590 rectis3
1849 1498 2008 1571 articulis
2021 1494 2166 1598 {drame-j

589 1639 647 1700 tro
664 1634 878 1725 aeqvalibus,
901 1637 1039 1729 rubris3
1072 1613 1246 1738 geniculis
1271 1636 1468 1729 pellucidis.

599 1833 604 1838 .
687 1765 842 1838 Habitat
856 1771 902 1838 ad
918 1773 1036 1861 apices
1050 1770 1278 1842 Hutchinsioe
1293 1769 1459 1842 violaceas
1479 1771 1519 1839 in
1541 1771 1624 1838 sinu
1647 1766 1865 1859 Othiniensi,
1886 1772 2031 1860 passim.

634 1892 759 1959 DESC.
806 1894 878 1959 Fila
893 1899 1079 1986 caespitosa,
1103 1915 1294 1983 aggregata,
1319 1898 1375 1963 vix
1392 1895 1489 1963 oculo
1503 1895 1595 1962 nudo
1607 1897 1797 1986 conspicua,
1821 1896 2023 1976 abbreviata,
2046 1894 2166 1962 lineam

720 2021 821 2064 unam
835 2001 966 2065 circitor
983 2001 1092 2085 longa.
1139 2001 1281 2069 Articuli
1298 2000 1496 2067 diametrum
1509 1998 1716 2083 longitudine
1730 2015 1894 2088 aeqvantes
1902 2025 1913 2081 3
1939 1997 2048 2066 tubuli
2061 2001 2167 2066 inter·

724 2103 1001 2194 nisubqvadrati,
1025 2108 1131 2171 rubri.
1174 2103 1336 2171 Genicula
1349 2103 1531 2197 pellucida,
1556 2103 1612 2170 hic
1625 2101 1694 2168 illic
1716 2126 1834 2192 parum
1852 2119 2030 2171 contracta.
2074 2106 2167 2195 Hye-

723 2230 776 2272 me
793 2206 869 2293 legi.

393 2402 483 2476 Tau
502 2410 562 2498 49.
667 2409 724 2483 17.
776 2406 815 2477 0.
830 2405 980 2498 flacco,
1003 2406 1070 2477 iilis
1088 2408 1330 2500 simplicibus,
1352 2406 1588 2497 tenuissimis,
1610 2407 1875 2493 minutissimis,
1899 2405 2069 2499 flaccidis,
2093 2430 2163 2496 arg

590 2535 708 2607 titulis
726 2538 903 2609 diametro
929 2542 1243 2632 subbrevioribus,
1268 2542 1461 2633 viridibus,
1487 2540 1659 2633 geniculis
1683 2539 1883 2632 pellucidis.

601 2663 604 2670 ’
724 2667 873 2738 Conserva
884 2669 986 2738 flacco
1011 2671 1102 2725 Dillw.
1124 2672 1196 2726 Tab.
1216 2680 1260 2741 49.
1289 2686 1317 2725 et
1335 2668 1440 2724 Introd.
1455 2690 1483 2742 p.
1502 2681 1544 2741 53.
1723 2734 1729 2746 ι

591 2771 743 2885 liabitat
765 2776 811 2843 ad
838 2774 940 2844 littus
964 2775 1100 2845 Pioniae
1125 2776 1422 2868 septentrionale,
1452 2777 1611 2869 apicibus
1633 2776 1860 2847 Hutchinsiae
1880 2773 2050 2849 violaceae
2077 2776 2170 2864 alia7
2238 2827 2239 2832 κ

591 2926 742 2995 rumque
758 2908 972 2995 adnascens,
996 2932 1098 3002 raro3
1122 2912 1169 2979 etl
1184 2910 1318 2980 insulas
1331 2911 1539 2981 Faeroenses
1554 2914 1648 2981 saxis
1666 2912 1834 2981 insidens.

603 3075 606 3080 -
635 3032 760 3097 DESC.
804 3036 1166 3118 Fasciculusminutus,
1191 3055 1256 3104 tres
1273 3037 1316 3104 ad
1330 3055 1470 3129 qvatuor
1486 3037 1588 3104 lineas
1602 3037 1732 3122 longus.
1779 3038 1852 3103 Fila
1875 3061 2062 3126 aggregata,
2088 3048 2169 3111 sim-

604 3179 608 3184 ·
720 3135 838 3226 plicia,
862 3142 1093 3220 minutissima,
1115 3141 1215 3207 oculo
1229 3141 1322 3208 nudo
1335 3145 1391 3208 vix
1404 3143 1593 3231 conspicua.
1640 3140 1781 3208 Articuli
1799 3141 1957 3211 diametro
1971 3146 2166 3240 plerumque

603 3275 606 3284 v
723 3240 861 3309 dimidio
878 3245 1065 3325 breviores,
1090 3247 1218 3336 apicem
1233 3269 1345 3311 versus
1363 3245 1477 3311 eadem
1502 3245 1686 3333 longiores,
1711 3269 1816 3312 massa
1837 3249 1935 3314 viridi
1958 3258 2170 3320 transversim

604 3381 607 3388 .
724 3345 947 3428 rectangulata
961 3350 1077 3413 notati.
1128 3348 1432 3423 Geniculabrevia,
1455 3348 1632 3439 pellucida.
1677 3348 1781 3415 Color
1805 3351 1931 3418 viridis.
1981 3354 2170 3424 Substantia

725 3450 911 3516 tenerrima.
958 3453 1088 3517 Annua.
1134 3454 1222 3520 Vere
1238 3471 1271 3517 et
1287 3468 1406 3518 testate.
1450 3454 1579 3520 Chartae
1593 3470 1683 3518 arcte
1698 3450 1853 3521 adherat.

394 3646 485 3719 Tab.
505 3659 563 3740 49
606 3665 608 3670 '
668 3654 724 3723 18·
777 3647 814 3718 0.
828 3645 1012 3741 impleam
1042 3647 1112 3719 filis
1139 3649 1381 3742 simplicibus,
1402 3654 1638 3742 tenuissimis,
1665 3652 2025 3748 crispato-implexis,
2047 3659 2171 3745 molli-¹

591 3775 659 3842 bus
668 3800 679 3866 3
700 3767 857 3852 articttlis
872 3785 1047 3853 diametro
1062 3782 1175 3873 duplo
1193 3783 1425 3876 longioribus.
1957 3795 1960 3800 ’

726 3910 875 3981 Conferva
897 3913 1024 3981 implexa
1042 3910 1135 3964 Dtltw.
1154 3910 1258 3965 Introd.
1284 3932 1311 3985 p.
1330 3916 1373 3981 46.
1397 3914 1493 3988 Suppl.
1511 3915 1581 3971 Tib.
1601 3917 1632 3971 B.

607 4015 610 4024 ’
666 4019 670 4024 “
725 4011 840 4080 Bangia
859 4012 965 4066 viridis
992 4013 1029 4066 Fl.
1053 4013 1116 4069 tlon.
1137 4013 1207 4070 Τὼ.
1233 4015 1306 4071 1601.
1325 4016 1370 4086 lig.
1394 4035 1415 4072 t.

593 4111 746 4184 Habitat
760 4118 796 4185 in
824 4118 1014 4209 Gigartina
1027 4120 1158 4211 plicata
1172 4123 1218 4189 ad
1233 4121 1333 4192 littus
1347 4121 1616 4217 Hofmansgave
1633 4127 1790 4221 Pioniae,
1817 4141 1900 4201 ante
1921 4135 2052 4204 ostium
2067 4138 2176 4208 sinus

594 4243 770 4343 Oxeliord
787 4249 994 4344 Norvegise,
1021 4257 1184 4343 copiose,
1205 4256 1251 4323 ad
1265 4255 1387 4328 littora
1401 4249 1607 4330 Faeroensia
1624 4273 1679 4330 sat
1693 4244 1867 4357 freqiens.

637 4409 762 4475 DESC.
810 4411 940 4499 Caespes
954 4411 1107 4501 pollicari
1121 4413 1164 4478 ad
1176 4414 1329 4504 'pedalem
1348 4437 1379 4484 et
1393 4420 1480 4485 ultra
1495 4422 1704 4502 extensione,
1729 4423 1960 4509 densissimus,
1986 4430 2189 4498 intricatus.

725 4513 796 4578 Fila
810 4514 989 4605 simplicia,
1016 4516 1136 4606 capillo
1151 4519 1295 4585 humano
1310 4525 1476 4602 tenuiora,
1501 4524 1640 4589 maxime
1665 4523 1824 4616 implexa,
1849 4529 2012 4610 flexuosa,
2038 4534 2193 4625 crispa·

618 4631 622 4638 ·
663 4643 665 4648 s
729 4632 778 4690 ta,
803 4619 926 4685 mollia.
974 4620 1115 4686 Articuli
1132 4621 1292 4689 diametro
1308 4626 1488 4715 sesqvi-vcl
1504 4629 1582 4719 2plo
1597 4627 1786 4713 longiores,
1810 4632 1966 4724 pellucidi
1986 4631 2042 4699 vel
2069 4659 2193 4706 massa

606 4734 610 4740 '
724 4719 824 4783 viridi
840 4722 1076 4807 reemngulata,
1101 4727 1268 4792 interdum
1281 4729 1315 4792 in
1331 4727 1481 4811 globulos
1496 4730 1651 4822 collapsa,
1677 4738 1791 4802 notati.
1840 4735 2001 4804 Genicula
2016 4739 2193 4822 obscura,

684 4847 687 4855 >
726 4820 920 4914 plorumqvo
932 4825 1107 4913 pellucido.
1140 4827 1241 4895 Color
1256 4831 1369 4898 viridis
1387 4833 1439 4900 vel
1456 4835 1590 4903 sordide
1606 4838 1793 4907 flavescens·
1838 4840 2033 4910 Substantia
2047 4859 2198 4926 tenera,
2236 4889 2237 4892 =

692 4940 696 4946 ’
726 4943 834 4994 tenax.
881 4928 978 4996 Vere.
1025 4917 1157 4997 Chartae
1177 4930 1248 4999 laxe
1266 4935 1419 5008 adheret.
1487 4953 1491 4962 ’
1944 4968 1946 4973 ·
