4525 5842
560 388 635 458 s1o
935 364 1302 444 sacuosuxra
1350 365 1649 438 mIINELLt'

315 590 406 682 Tab.
421 595 482 669 70.
584 589 618 676 5.
672 581 718 653 Ε.
730 578 942 673 getninsta3
967 577 1097 647 fronde
1109 577 1278 670 globosa,
1302 576 1547 667 fuscescents3
1572 574 1639 644 filis
1664 574 1863 662 continuis,
1887 572 2069 662 intricatio,

510 718 745 807 tenuissimis,
771 716 871 806 apice
884 715 923 783 in
936 712 1021 782 bina
1030 712 1246 802 corpuscula
1262 721 1414 780 cuneata
1435 709 1598 780 dilatatis.

563 898 716 967 Habitat
727 899 766 965 in
782 893 906 965 insulis
920 893 1169 962 Faeroensibas
1185 893 1230 961 ad
1243 915 1329 959 saxa
1342 890 1541 961 rivulorum
1567 888 1846 981 subalpestrium
1864 909 1984 978 prope
2004 845 2075 958 Ar-

511 1029 709 1126 gehospital
722 1038 765 1097 et
774 1051 903 1120 rupem
917 1023 1103 1116 Slsielling,
1128 1023 1227 1092 haud
1248 1022 1424 1116 frsqvens.

556 1204 681 1273 DESC.
734 1204 841 1270 Frons
871 1198 1041 1286 globulum
1071 1223 1140 1266 nou
1165 1197 1380 1282 gelatinosum
1401 1198 1618 1276 constituens,
1659 1220 1770 1263 semea
1788 1195 1867 1264 ,Pisi
1886 1191 1938 1261 vel
1959 1214 2074 1258 narem

642 1307 824 1378 Avellanoe
838 1304 1060 1388 magnitudine
1078 1327 1218 1394 aeqvans.
1231 1345 1245 1372 a
1266 1301 1336 1368 Fila
1361 1304 1527 1381 intricata,
1549 1302 1782 1380 minutissima,
1808 1301 1980 1375 continua,
2003 1296 2077 1385 pel·
2114 1299 2120 1311 '

642 1411 772 1490 lueida,
796 1410 888 1501 apice
904 1406 990 1472 binis
1006 1430 1081 1471 raro
1099 1409 1198 1472 ternis
1212 1403 1356 1490 granulis
1378 1402 1509 1470 clavatis
1531 1406 1694 1485 conectis,
1719 1404 1827 1469 modio
1852 1403 1950 1467 fascia
1975 1400 2075 1466 flave-

644 1516 748 1581 soenti
763 1513 901 1592 notatis,
925 1511 1108 1588 instructor
1124 1510 1195 1575 haec
1214 1506 1366 1592 granula,
1391 1506 1492 1572 efilis
1519 1506 1638 1587 soluta,
1667 1509 1757 1575 omni
1779 1523 1960 1597 spontaneo
1985 1519 2074 1569 motu

645 1616 876 1683 destituuntur.
931 1611 1033 1680 Color
1055 1611 1158 1677 diluto
1181 1613 1381 1692 lascescens,
1409 1612 1573 1676 exsiccatae
1596 1612 1769 1678 virescens.
1814 1609 2004 1677 Substantia
2025 1624 2074 1673 te-

644 1722 807 1801 nerrima,
827 1717 995 1784 subtenax.
1041 1716 1181 1781 Aestate.
1229 1714 1356 1780 Chartae
1372 1711 1445 1779 laxe
1458 1712 1611 1781 adheret.

776 1937 810 1974 **
853 1952 948 2018 aqvoe
975 1929 1088 1993 salsae.

319 2110 410 2184 Tab.
427 2115 487 2190 70·
590 2108 624 2189 6·
672 2103 717 2177 Ε.
733 2097 992 2192 fasciculota5
1006 2207 1010 2216 Ι
1023 2098 1091 2178 filis
1113 2101 1327 2216 aggregatis,
1352 2096 1598 2210 simplicibus,
1615 2098 1759 2193 rigidis,
1792 2098 1941 2187 strictis,
1968 2094 2075 2168 fasti·-

513 2243 633 2335 giatis,
657 2238 851 2322 continuis,
876 2255 923 2300 cx
936 2232 1014 2301 basi
1028 2233 1208 2299 communi
1222 2232 1389 2300 radiatim
1415 2233 1639 2301 exeuntibus.

644 2415 791 2549 Dtatfioflm}
801 2406 981 2546 [particulata
1017 2409 1064 2476 Ag.
1082 2403 1161 2476 Disp.
1184 2424 1213 2477 p.
1235 2379 1290 2470 35'
1313 2406 1382 2459 Dsc.
1399 2423 1427 2456 n.
1445 2421 1470 2475 9.
1491 2371 1519 2459 st
1536 2406 1598 2476 Syn.
1619 2424 1647 2478 p.
1668 2422 1724 2461 tao.
1744 2438 1772 2457 -
1789 2403 1834 2459 Sv.
1852 2403 1908 2458 bot.
1919 2401 1990 2457 st,
2006 2420 2066 2477 49¹·

644 2591 683 2646 sl.
702 2588 851 2725 dapm'llzpb
868 2605 927 2661 945.
946 2586 1048 2661 (qvoad
1066 2584 1146 2659 pilos,
1172 2584 1217 2656 qvi
1232 2585 1261 2637 in
1282 2583 1429 2657 conserva
1443 2586 1615 2655 pecuscula,
1632 2584 1662 2638 id
1677 2600 1726 2648 ess,
1740 2581 2075 2656 *consmaflavaanu

514 2816 666 2888 Habitat
686 2815 725 2880 in
749 2813 830 2878 sinu
852 2808 1073 2894 Otlriniensi,
1106 2803 1294 2876 Conservis
1317 2809 1425 2878 variis
1448 2817 1485 2878 et
1503 2767 1679 2898 imprimis
1706 2805 1904 2898 Ectocarpo
1929 2803 2075 2878 littorali

514 2915 702 3041 parasitice
715 2927 892 3029 insidens,
915 2936 1148 3030 satvulgaris.
1173 2929 1177 2934 ⁵
1197 2937 1293 3024 Ante
1308 2908 1439 3011 ostiam
1461 2943 1559 3011 sinus
1573 2939 1746 3011 Oxefiord
1759 2939 1957 3034 Norvegise.

562 3116 688 3186 DESC.
732 3112 807 3180 tila
822 3114 1028 3193 brevissima,
1051 3112 1148 3180 oculo
1175 3112 1266 3180 nudo
1285 3113 1412 3198 singula
1431 3063 1697 3206 vilonspicua,
1719 3123 1781 3188 3·6
1803 3139 1844 3180 ex
1864 3136 1930 3179 uno
1951 3130 2075 3203 puncto

644 3218 804 3285 radiantia
815 3266 826 3296 ,
849 3217 973 3302 rigida,
996 3234 1101 3299 reeta,
1123 3215 1275 3306 aqulia,
1306 3216 1359 3285 vel
1381 3220 1533 3309 utrinqve
1551 3241 1673 3308 parum
1694 3235 1874 3299 attenuata,
1899 3220 1992 3308 apice
2013 3218 2077 3283 ob-

645 3337 726 3405 tusa.
773 3318 875 3389 Color
892 3319 1066 3388 flavescens
1086 3318 1138 3386 vel
1155 3317 1323 3408 hyalinns,
1346 3321 1622 3411 crystallisormis,
1640 3339 1718 3413 post
1731 3324 1996 3401 exsiccationem,
2018 3321 2075 3386 ubi

645 3423 700 3491 fila
715 3426 750 3488 in
766 3424 862 3513 copia
884 3422 1078 3503 adsuerunt,
1103 3422 1213 3503 albus,
1238 3425 1355 3489 nitens.
1401 3425 1587 3492 Substantia
1609 3424 1732 3511 rigida,
1757 3419 1891 3511 fragilis.
1933 3427 1997 3492 Per
2019 3442 2073 3496 to·

646 3547 715 3595 tum
729 3550 867 3605 annum,
888 3527 1049 3616 imprimis
1062 3543 1219 3591 autumno
1241 3543 1274 3590 et
1286 3529 1413 3616 hyeme.
2092 3549 2098 3554 ·

555 3687 651 3759 038.
671 3683 674 3688 ’
694 3688 763 3755 Cel.
778 3687 996 3779 Agssrdlsius,
1022 3690 1078 3778 qvi
1093 3688 1179 3754 hanc
1194 3689 1337 3779 speciem
1352 3688 1395 3755 ad
1412 3710 1512 3774 genus
1529 3689 1737 3756 Diotomatis
1751 3691 1885 3773 retulit,
1908 3692 1963 3758 tila
1986 3697 2073 3778 ejas·

643 3792 902 3896 ‹lom-articulata
919 3792 1091 3871 describit,
1112 3813 1184 3881 qvae
1206 3809 1283 3883 post
1308 3792 1550 3883 copulationem
1573 3796 1609 3860 in
1630 3794 1783 3862 articulos
1807 3794 1926 3880 angulo
1948 3796 2074 3862 alterno

643 3900 842 3965 cohaerentes
855 3896 1044 3977 solvuntur3
1073 3897 1128 3961 vix
1143 3911 1249 3977 rect03
1274 3921 1367 3962 cansa
1392 3897 1489 3983 hujus
1512 3899 1624 3963 asserti
1648 3899 1682 3961 in
1705 3899 1845 3987 qvadam
1868 3900 2075 3965 Diatomotis

642 4003 752 4090 specie
773 4001 887 4080 (Dias.
902 4000 995 4065 temti
1008 4004 1077 4083 β.),
1111 3998 1188 4064 huic
1210 4016 1331 4066 nostra
1357 3998 1443 4065 sorte
1460 4000 1591 4067 fortuna
1606 4001 1751 4066 immixti
1776 4001 1850 4089 (cfr.
1869 4004 1924 4071 Sv.
1940 4005 2012 4070 Βοῑ.
2030 4006 2072 4068 Τ.

637 4109 715 4180 491.
727 4103 785 4185 fig·
800 4103 853 4186 7),
875 4105 945 4169 sine
958 4103 1059 4169 dubio
1076 4101 1251 4191 qvaerenda
1267 4120 1324 4168 cst.
1370 4103 1442 4168 Fila
1458 4122 1566 4170 autem
1579 4101 1998 4190 Ecbs'nellaefasciesslatoe
2012 4108 2073 4173 sub

638 4203 881 4272 lentennxims
901 4222 1035 4294 augente
1046 4204 1137 4268 nulla
1152 4204 1366 4271 articulorum
1377 4208 1509 4292 vestigia
1518 4205 1720 4283 ostendunt,
1746 4231 1851 4298 neqve
1865 4233 2018 4300 unqvam
2043 4214 2072 4277 si

636 4308 722 4401 qvid
732 4307 820 4386 vicli,
842 4307 877 4371 in
891 4305 1044 4372 articulos
1060 4305 1243 4374 alternatim
1257 4308 1454 4377 colias-entes
1468 4310 1605 4390 abeunt3
1625 4327 1705 4376 ‘suut
1719 4335 1747 4396 ¹e
1774 4314 1939 4379 contrario
1962 4317 2070 4380 conti-

641 4438 725 4493 nua,
749 4411 879 4491 teretia,
909 4407 1077 4487 tubulosa,
1106 4407 1142 4473 id
1169 4407 1277 4497 qvod,
1303 4412 1331 4474 si
1348 4410 1425 4477 alias
1440 4414 1475 4477 in
1498 4437 1535 4478 rc
1560 4430 1625 4477 tam
1646 4403 1735 4478 tenui
1758 4416 1950 4497 sententiam
1972 4417 2071 4484 ullam

637 4501 791 4606 proferre
802 4513 995 4592 audeamus,
1018 4510 1223 4594 exguttulis,
1249 4535 1319 4603 qvas
1336 4511 1391 4578 tila
1404 4518 1472 4598 ejus
1487 4514 1775 4606 crystallisautibus
1795 4508 1930 4602 injecta
1946 4521 2012 4588 huc
2024 4519 2070 4587 il·

638 4615 694 4684 luc
708 4636 882 4703 vagantur,
906 4616 1024 4702 conjici
1038 4633 1158 4707 potest.

317 4834 407 4905 Tab,
426 4839 485 4914 70,
538 4911 541 4918 Δ
586 4824 621 4898 7.
672 4812 716 4886 Ε.
730 4809 921 4905 stipitota5
943 4813 1009 4882 filis
1025 4811 1332 4902 longitudinaliter
1347 4818 1562 4911 aggregatis,
1586 4815 1723 4911 planis,
1750 4816 1977 4922 brevissimis,
1999 4821 2074 4889 afi-

509 4952 646 5040 pitatis,
670 4946 816 5041 singulis
829 4938 949 5016 inedie
960 4945 1186 5035 bipunctatis.
