4525 5842
632 376 709 469 195
1055 355 1427 441 arenosam
1479 363 1691 439 utrem

581 585 737 658 Habitat
749 585 801 654 ad
812 581 937 654 littora
950 577 1096 671 Daniaa,
1122 581 1302 673 lapidibus
1322 579 1475 650 littoreis
1490 578 1537 648 ab
1548 579 1661 648 undis
1675 574 1822 648 marinis
1836 572 2052 644 humectatis
2065 588 2161 645 earo*

582 723 720 791 tissime
736 720 875 788 adnata.
899 753 952 769 ·-
974 711 1014 803 β.
1029 716 1076 785 ad
1090 715 1192 785 littus
1208 714 1367 784 Torbsek
1382 712 1574 784 Sellandioe
1590 711 1790 806 Gigartinae
1815 706 1998 781 subfusca
2013 706 2166 802 aliisque

577 850 893 944 Thalassiophyfis
921 848 1190 937 adhaerescens,
1215 850 1370 939 eopiosa.

625 1011 751 1105 DESC.
799 1007 951 1076 Frondes
967 1009 1109 1094 globosa
1126 1006 1179 1076 vel
1199 1010 1310 1098 potius
1324 1008 1600 1098 hemisphaerica,
1625 1003 1847 1090 magnitudine
1863 1003 1995 1070 seminis
2010 1000 2171 1090 sinopses
2233 1005 2234 1050 t

714 1112 766 1183 vel
783 1113 969 1191 Cannabis,
998 1129 1121 1203 puncta
1141 1129 1211 1177 atra
1231 1110 1430 1192 referentes,
1459 1134 1596 1202 sparsae,
1627 1109 1779 1175 solitariae
1801 1106 1853 1181 vel
1873 1106 1986 1203 plures
2006 1108 2043 1170 in
2065 1131 2168 1174 unum

600 1222 605 1234 '
714 1216 892 1314 eondunae,
918 1215 1116 1295 durissimae,
1142 1216 1322 1282 arctissime
1338 1213 1504 1307 lapidibus
1520 1213 1664 1294 adnata,
1688 1211 1771 1279 adeo
1793 1230 1830 1276 ut
1844 1236 1926 1297 aegre
1943 1210 2023 1276 inde
2038 1209 2169 1278 elidan-
2234 1271 2235 1310 3

716 1338 787 1401 tur,
812 1318 925 1386 subtus
947 1316 1186 1385 atro-virides.
1239 1317 1311 1385 Fila
1332 1320 1419 1384 intra
1439 1318 1654 1384 substantiam
1679 1341 1697 1382 e
1719 1334 1833 1381 centro
1849 1316 2017 1381 communi
2037 1314 2168 1384 frondis

714 1424 884 1502 exeuntia,
909 1422 1099 1487 densissime
1115 1441 1304 1513 compacta,
1327 1424 1457 1501 stricta,
1478 1439 1585 1501 reeta,
1610 1421 1737 1511 apicem
1752 1444 1863 1486 versus
1880 1436 2055 1499 attenuata,
2075 1422 2169 1512 apice

715 1528 807 1606 lissa,
831 1526 885 1593 vel
902 1527 937 1589 in
958 1524 1091 1591 lacinias
1104 1525 1218 1616 plures
1242 1526 1445 1591 tenuissimas
1460 1524 1623 1615 simplices
1640 1525 1836 1588 acuminatas
1859 1522 2030 1614 adpressas
2051 1522 2165 1607 dina,

712 1634 767 1699 vix
783 1649 891 1697 umen
903 1628 978 1696 ideo
993 1654 1122 1695 ramosa
1137 1628 1288 1695 dicenda.
1327 1625 1469 1694 Articuli
1482 1651 1565 1711 aegre
1579 1625 1817 1706 observabiles,
1843 1627 1871 1691 si
1886 1626 2016 1709 adsunt,
2041 1627 2165 1694 oblon-

715 1737 765 1821 gi,
791 1731 1000 1826 cylindracei.
1050 1730 1154 1799 Color
1169 1731 1296 1799 frondis
1313 1751 1453 1798 externae
1472 1748 1558 1811 ater,
1582 1732 1718 1796 internae
1740 1727 1959 1795 atro-viridis.
2006 1731 2166 1797 Substan-

714 1841 759 1906 tia
782 1836 972 1916 durissima,
1003 1835 1142 1902 lubrica.
1190 1838 1278 1902 Toto
1292 1860 1390 1902 anno.
1438 1834 1567 1902 charte
1585 1834 1629 1900 ob
1643 1833 1817 1900 duritatem
1832 1857 1901 1899 non
1920 1833 2082 1917 adhaeret,
2103 1858 2164 1903 nee

716 1941 860 2007 siccitate
881 1955 1036 2005 mutatur.
1319 1937 1323 1944 ’

629 2091 721 2160 OBS.
769 2089 890 2178 Qvoad
904 2090 1067 2156 internam
1080 2090 1240 2158 fabricam
1255 2091 1408 2158 Linctiae
1422 2090 1532 2170 durae,
1556 2113 1627 2181 qva
1642 2113 1720 2156 mox
1735 2091 1891 2181 sequitur,
1916 2089 2097 2157 admodum
2114 2091 2162 2156 si-

714 2196 813 2260 milis.
851 2191 1082 2260 Celdlodn'us
1097 2196 1193 2261 nobis
1211 2213 1325 2263 auctor
1339 2196 1411 2274 suit,
1429 2197 1514 2260 hane
1530 2210 1676 2259 nostram
1690 2192 1838 2283 plantam
1852 2217 1920 2259 esse
1934 2196 2066 2262 initium
2079 2196 2160 2261 Fuci

714 2298 767 2366 vel
782 2296 954 2362 Conservae
970 2295 1139 2380 cujusdam
1155 2298 1231 2382 (csr.
1239 2298 1362 2364 Weber
1370 2300 1470 2362 Bcitr.
1479 2297 1586 2376 Tha,
1602 2297 1741 2387 p.365);
1763 2296 1822 2363 sed
1838 2297 1904 2363 hac
1919 2301 2034 2387 opinio
2050 2300 2161 2379 nobis,

714 2421 857 2491 quorum
872 2398 1056 2487 precordia
1068 2424 1107 2465 cx
1122 2403 1231 2490 pejori
1245 2399 1316 2467 luto
1330 2401 1426 2466 finxit
1436 2402 1537 2478 Deus,
1555 2400 1591 2465 in
1603 2399 1854 2468 incredibilibus
1866 2418 2003 2492 putatur·
2024 2437 2069 2454 -
2088 2406 2163 2473 Va-

715 2506 813 2569 rietas
831 2509 866 2587 β.
885 2519 933 2567 est
947 2501 1067 2568 fronde
1079 2506 1212 2584 minori,
1236 2505 1368 2570 seminis
1382 2504 1575 2593 Papaveris
1588 2502 1640 2569 vel
1654 2504 1809 2591 Sinopios
1827 2504 2063 2589 magnitudine,
2086 2507 2165 2592 gle-

715 2608 814 2686 bosa,
844 2623 1030 2691 aggregata,
1062 2603 1206 2688 lubrica,
1237 2606 1356 2689 viridi3
1369 2595 1373 2600 ⁵
1388 2608 1443 2673 fila
1457 2623 1566 2672 autem
1581 2608 1667 2671 intra
1686 2609 1900 2674 substantiam
1919 2612 2056 2677 omnino
2074 2629 2164 2694 sunt,⁸

717 2729 754 2777 ut
767 2712 802 2777 in
816 2737 858 2790 ας
872 2733 984 2798 „qvare
998 2733 1147 2799 eampro
1162 2709 1289 2776 diversa
1308 2711 1418 2798 specie
1437 2710 1608 2776 venditare
1623 2734 1693 2777 non
1710 2710 1826 2779 audeo·
1879 2711 2162 2805 Thalassiopbytis

718 2813 930 2879 filifomibus
943 2812 1138 2891 minoribus,
1153 2828 1190 2876 ut
1198 2813 1391 2900 Gigartinoe
1405 2811 1588 2898 subfuscoe,
1607 2813 1763 2880 Ceramia
1779 2814 1881 2881 rubro
1894 2815 2034 2908 aliisque
2048 2818 2090 2883 ad
2103 2818 2160 2884 lit·

715 2932 766 2979 tus
783 2912 928 2980 Torbaels
948 2930 1056 2979 aestate
1072 2924 1156 2987 1815
1172 2915 1207 2981 in
1230 2932 1320 2980 tanta
1340 2918 1435 3006 eopia
1453 2919 1625 3009 parasitica
1639 2917 1842 3000 adherebat,
1875 2937 1911 2985 ut
1932 2903 2079 3004 globulis
2097 2924 2161 2991 suis

715 3016 877 3084 viridibus
894 3016 1049 3084 trondem
1063 3042 1178 3089 eorum
1194 3017 1237 3086 ad
1251 3037 1382 3112 partem
1395 3018 1465 3086 lere
1485 3019 1656 3087 dimidiam
1668 3020 1768 3088 dense
1783 3021 1972 3091 obduceret.

850 3248 886 3285 **
931 3267 1028 3333 oqvae
1052 3246 1174 3314 duleis.

387 3423 479 3503 Ταῦ,
501 3429 561 3512 67.
657 3427 692 3502 5.
713 3385 717 3394 Ι
742 3419 790 3495 L.
804 3421 1121 3506 notons3ironde
1144 3422 1308 3517 globosa,
1331 3446 1441 3519 eava3
1463 3425 1531 3498 filis
1554 3429 1650 3499 intra
1674 3427 1910 3499 substantiam
1931 3428 2159 3523 simplicibus,

464 3562 468 3570 ’
584 3555 736 3648 caicus,
761 3558 970 3648 attenuatis5
998 3556 1159 3626 articulis
1173 3580 1269 3649 segre
1284 3562 1495 3652 conspicuis.
1799 3576 1803 3583 ’

679 3715 684 3723 ’
717 3718 862 3854 Trapella
880 3733 989 3772 natans
1004 3716 1101 3775 Hadru
1124 3716 1229 3776 Theos.
1249 3737 1340 3790 gener.
1362 3719 1405 3776 ed.
1418 3739 1443 3783 a,
1462 3741 1489 3793 p.
1507 3734 1565 3790 ata.
1579 3723 1649 3779 Τὼ.
1663 3723 1706 3791 36.
1721 3724 1766 3797 fig.
1778 3742 1851 3798 pro.
1868 3758 1897 3777 -
1911 3727 1998 3784 Roth.
2015 3727 2052 3782 il.
2063 3726 2159 3791 Gemi

802 3825 812 3850 ,
854 3828 861 3843 .
924 3808 944 3844 t.
1091 3823 1093 3828 ›
2147 3841 2152 3848 .

733 3924 762 3939 -
797 3804 957 3944 uerptwbllta
975 3888 1062 3946 ilads.
1085 3909 1114 3962 p.
1134 3891 1193 3961 564.
1213 3895 1242 3941 4.
1259 3890 1350 3945 With.
1369 3899 1395 3959 4,
1417 3913 1444 3965 p.
1465 3905 1507 3959 ει.

716 3992 872 4047 Rieularto
892 3995 1034 4073 angulosa
1061 3992 1145 4047 Roth.
1168 3997 1241 4054 usos
1260 3995 1351 4052 astte.
1373 4012 1395 4054 t,
1416 4014 1443 4063 p.
1466 4007 1526 4066 285.
1546 3996 1608 4050 Cat.
1626 3995 1683 4053 bot.
1703 4011 1728 4066 3,
1748 4021 1776 4073 p.
1794 4008 1856 4071 340.
1881 4036 1910 4053 -
1934 4006 2048 4062 llooler
2066 4010 2096 4064 it.
2115 4004 2160 4059 ist.

778 4091 807 4107 -
827 4065 876 4131 Ag.
896 4062 978 4132 Desp.
1000 4081 1026 4133 p.
1048 4071 1091 4128 43.
1111 4075 1140 4114 et
1158 4061 1221 4129 Syn.
1242 4078 1270 4132 p.
1290 4078 1348 4131 ago.
1371 4063 1447 4126 (cxci.
1467 4082 1523 4133 syn.
1542 4064 1578 4116 1²1.
1599 4063 1676 4129 dan.)

578 4199 740 4270 -Habitat
756 4199 796 4266 in
821 4197 927 4268 fossis
949 4199 1096 4270 turfosis
1119 4202 1174 4270 ad.
1186 4198 1398 4292 Kongsrille
1420 4225 1534 4296 prope
1558 4205 1832 4281 Fredericbsdal
1852 4214 2042 4286 Sellandioe
2064 4219 2162 4314 inter

586 4333 741 4403 Lemnos
764 4329 927 4400 trisulcus
948 4334 1211 4422 copiosissime,
1234 4336 1343 4406 etiam
1370 4337 1417 4405 ad
1441 4339 1559 4430 ripam
1582 4337 1683 4410 lacus
1707 4341 1875 4416 Veilesbe
1897 4333 2014 4441 prope
2031 4349 2160 4422 Drou-

499 4511 501 4514 -
585 4467 800 4559 ninggaard,
831 4463 996 4558 alibique.
1030 4500 1078 4516 -
1110 4463 1155 4534 In
1178 4464 1334 4538 islandia
1358 4471 1454 4543 inter
1474 4472 1681 4545 Fontinales
1702 4498 1907 4570 squamosas
1929 4492 1968 4553 et
1990 4481 2166 4580 falcatas,

586 4598 750 4668 Hooker.

634 4758 759 4826 DESC.
806 4759 955 4826 Frondes
970 4737 1125 4844 globosa,
1151 4759 1315 4831 interdum
1332 4762 1367 4833 in
1383 4768 1616 4859 speciminibus
1631 4775 1811 4858 majoribus
1824 4776 2161 4868 globosoaangoloae,

718 4883 820 4948 carae,
844 4885 864 4925 a
879 4863 1011 4928 seminis
1031 4865 1105 4930 Pisi
1120 4863 1163 4929 ad
1179 4868 1279 4936 Naois
1294 4872 1476 4939 Aeetam
1489 4875 1747 4957 magnitudinem
1762 4882 1955 4964 variabiles,¹
1968 4905 2164 4970 aggregatae,

713 4968 855 5051 majores
868 4967 1053 5034 minoribus
1069 4968 1236 5038 inmixta
1283 4974 1358 5044 Fila
1370 4977 1456 5048 intra
1470 4977 1685 5070 substantiam
1696 4983 1917 5078 undequaqte
1928 4988 2086 5060 radiatim
2100 5016 2165 5061 ex-
