4525 5842
503 381 891 469 suenoraurm
938 392 1284 469 spurcumnn.
1555 397 1636 493 tot

134 599 270 670 DESC.
323 599 428 668 Radit
453 587 593 690 pusilla,
632 591 916 691 Thalassiophytis
940 601 1119 685 majoribus
1142 601 1349 686 agglutinata.
1395 606 1503 672 Frons
1525 604 1680 686 solitaria,

102 793 106 802 Ι
225 707 295 772 εεῑᾶ
309 706 452 797 porcina
469 704 609 782 tenuior,
629 701 786 796 pollicem
801 706 932 770 circiter
949 704 1058 788 longa,
1075 707 1178 778 abasi
1193 731 1295 797 usqve
1310 711 1539 776 ramosissima.
1584 711 1684 776 Rami

225 810 358 890 diffusi,
384 809 450 873 huc
471 806 550 873 illuc
576 805 799 889 divergentes,
822 812 965 888 curvati,
989 808 1114 899 patuli3
1138 810 1257 900 ramuli
1277 817 1419 895 gemini,
1444 839 1520 880 raro
1548 799 1678 903 simPli-

229 938 282 980 ees
298 912 351 980 vel
366 914 473 984 terni,
499 911 635 978 omnino
656 909 897 994 horizontales‚
916 912 1085 978 interdum
1105 913 1237 995 reflexi,
1261 915 1410 998 indivisi,
1434 920 1572 996 breves,
1598 942 1677 983 acu-

231 1020 356 1083 minati.
402 1017 524 1106 Apiccs
542 1015 660 1079 summi
676 1012 865 1103 sphacelati.
913 1019 1052 1082 Fructus
1065 1017 1198 1084 Semina
1212 1018 1301 1085 nuda
1316 1019 1406 1087 fusca
1421 1023 1457 1087 in
1470 1025 1605 1088 summis
1622 1047 1679 1088 ra-

235 1121 399 1188 mulorum
412 1120 561 1210 apicibus
575 1116 770 1207 sphacclatis
796 1118 989 1185 nidulantia.
1036 1124 1123 1188 Tota
1145 1120 1216 1205 alga
1239 1123 1428 1207 articulata3
1453 1125 1583 1192 articuli
1605 1125 1680 1190 dia·
1758 1151 1762 1152 ⁷

233 1229 328 1291 metri
341 1222 548 1307 longitudine
561 1220 615 1288 vel
630 1219 731 1310 paulo
745 1222 932 1302 breviores,
957 1225 1044 1288 striis
1059 1225 1215 1290 brevibus
1229 1224 1519 1311 longitudiuulibus
1549 1228 1679 1294 densis-

232 1333 312 1396 sime
326 1329 525 1419 compactis,
550 1325 684 1389 fasciam
699 1325 946 1392 transversalem
964 1326 1089 1392 fuscam
1102 1328 1331 1412 referentibus,
1355 1334 1470 1399 notati.
1517 1327 1681 1398 Genicnlr

231 1436 428 1499 tenuissima.
475 1429 578 1496 Color
593 1428 883 1510 fusco-olivaceus,
910 1432 1075 1498 exsiccatas
1089 1432 1264 1515 nigricans.
1305 1434 1495 1501 Substantia
1508 1433 1680 1518 cartilagi-

228 1562 312 1619 nea,
328 1533 553 1621 rigidiuscula.
597 1534 728 1597 Annua.
775 1532 907 1600 Aestate
920 1552 952 1600 et
967 1534 1094 1623 hyeme.
1137 1536 1272 1603 Chartae
1286 1562 1357 1605 non
1372 1538 1530 1605 adhaeret·
1631 1554 1637 1568 ’

145 1654 244 1722 OBS.
294 1651 461 1720 Pulchella
484 1650 556 1714 haec
577 1648 720 1738 species,
745 1650 965 1740 microscopio
984 1649 1146 1735 subjecta,
1168 1651 1330 1720 Prunum
1354 1657 1525 1741 spinosam
1543 1655 1678 1720 omuino

236 1757 350 1823 refert.
373 1792 414 1807 -
435 1753 550 1821 Fascia
563 1752 665 1831 fusca,
687 1774 760 1841 qvae
778 1752 839 1817 sub
852 1743 940 1819 lente
954 1775 1073 1844 parum
1087 1772 1225 1837 augente
1240 1756 1428 1839 geniculum
1442 1779 1680 1846 nonnunquam

232 1863 391 1928 mentiens
405 1855 551 1942 singulos
564 1856 662 1940 hujus
677 1857 816 1944 speciei,
841 1854 1043 1947 aliarumque
1061 1858 1107 1923 ad
1123 1858 1188 1924 hoc
1203 1882 1303 1942 gersus
1319 1862 1571 1950 pertinentium,
1597 1862 1679 1925 arti·

234 1965 327 2032 culos
340 1963 458 2040 ambit,
482 1964 510 2027 si
525 1960 607 2025 lenti
620 1961 906 2044 marimeaugenti
921 1963 1111 2045 subjiciuu,
1136 1987 1153 2026 e
1170 1963 1257 2028 striis
1270 1960 1346 2051 plus
1368 1965 1486 2033 minus>
1504 1962 1674 2047 elongatis,

236 2068 400 2135 interdum
416 2068 451 2131 in
466 2089 569 2130 unum
584 2063 817 2154 corpusculum
832 2063 979 2146 coalitis,
1002 2083 1154 2131 constare
1182 2067 1337 2131 cernitur.
1387 2067 1482 2133 Sniae
1505 2068 1576 2132 istra
1603 2065 1681 2132 lon-

235 2170 430 2258 gitudiuales
453 2172 527 2235 siue
551 2168 654 2234 dubio
673 2167 721 2233 nil
752 2167 842 2232 aliud
865 2185 962 2250 sunt,
987 2192 1084 2260 qvam
1105 2171 1230 2233 semina
1255 2167 1405 2235 nondum
1425 2188 1570 2250 matura,
1596 2192 1680 2259 qvae,

233 2301 308 2344 cum
321 2278 447 2342 semina
465 2275 502 2338 in
514 2274 608 2364 apice
624 2270 807 2337 nidulautia
820 2271 862 2338 ad
876 2274 1095 2338 maturitatem
1106 2275 1329 2362 pervenerint,
1353 2291 1385 2339 et
1401 2296 1461 2364 per
1473 2276 1601 2365 apicem
1618 2272 1679 2337 de·

230 2382 418 2447 hiscentem
432 2378 551 2469 elapsae
572 2378 713 2455 fuerint,
734 2378 770 2440 in
786 2401 902 2442 eorum
915 2375 1026 2441 locum
1038 2377 1197 2466 paulatim
1211 2375 1412 2457 succedunt,
1433 2395 1483 2458 ct,
1502 2380 1589 2468 ipsis
1606 2401 1679 2441 ma·
1803 2404 1811 2412 ·

234 2487 341 2565 turis,
363 2485 681 2572 itermniterumqve
701 2480 743 2544 ab
763 2479 837 2545 aliis
856 2478 970 2545 eadem
981 2480 1109 2545 ratione
1122 2481 1340 2569 excipiuntur.
1382 2483 1497 2570 Neque
1516 2482 1586 2546 haec
1603 2482 1681 2570 opi-

240 2590 320 2668 nio,
355 2584 622 2676 quampluribus
642 2584 932 2652 observationibus
958 2583 1073 2649 fultam
1095 2586 1130 2646 iu
1153 2581 1300 2648 medium
1322 2581 1479 2672 profero,
1510 2585 1683 2647 temeraria

243 2691 341 2756 facile
357 2686 569 2781 appellanda,
593 2713 698 2779 neqve
720 2688 763 2762 ob
788 2686 957 2779 capsulas,
978 2689 1018 2754 in
1037 2685 1209 2753 nonnullis
1229 2687 1329 2770 hujus
1353 2686 1483 2768 generis
1507 2685 1682 2775 speciebus

116 2880 120 2886 ¹
241 2796 453 2870 observatas,
491 2795 624 2858 omuino
653 2790 841 2876 rejicienda.
898 2792 937 2855 Iu
960 2792 1185 2879 Spbacelaria
1201 2802 1354 2881 pennata
1383 2786 1535 2879 capsulas
1562 2787 1684 2864 detexit

110 2893 114 2898 ’
238 2895 408 2965 Borrerus
424 2895 499 2983 (cfr.
513 2895 625 2963 Dillst.
640 2895 769 2962 lnuod.
788 2921 823 2986 p.
838 2896 924 2977 82),
949 2895 1152 2983 Agardlzius
1168 2897 1247 2960 item
1262 2907 1295 2960 et
1309 2918 1388 2978 cgo3
1410 2894 1445 2957 in
1460 2890 1684 2980 Spiurceluria

233 3004 419 3071 retem
430 3023 562 3092 qvoqve
578 3000 717 3083 adsuut3
740 3000 804 3065 illas
819 3021 899 3066 raro
913 2995 1055 3087 capsula
1071 3023 1141 3065 non
1160 2995 1363 3089 impediunt,
1382 3019 1450 3086 qvo
1471 2998 1581 3060 miuus
1607 2994 1685 3082 opi·

236 3112 313 3188 nio,
338 3130 435 3197 qvam
447 3105 594 3197 protuli,
617 3106 792 3194 persistat3
817 3103 943 3167 fructus
959 3104 1046 3164 cuim
1061 3100 1203 3192 duplex,
1218 3103 1284 3189 qvi
1300 3103 1336 3166 in
1353 3099 1466 3164 multis
1483 3096 1682 3164 Thalassio-

241 3213 356 3305 Pbyfis
368 3213 511 3291 obtinet,
536 3211 635 3275 etiam
650 3209 685 3273 iu
700 3209 764 3274 hoc
777 3230 896 3292 genere
911 3205 1035 3270 assumi
1049 3220 1172 3293 potest.

106 3407 112 3414 ’
182 3421 219 3495 a
276 3407 366 3505 bpb.
385 3409 639 3503 scoparioidea
647 3431 663 3496 ,·
686 3402 817 3477 fronde
840 3401 1045 3474 alternatim
1064 3399 1269 3493 bipinnata,
1295 3399 1435 3488 stricta,
1456 3348 1595 3487 erecia5
1621 3417 1686 3465 ra·
1708 3387 1800 3459 Tab.
1820 3397 1879 3467 32.
1917 3415 1919 3420 >

105 3552 175 3622 mit
187 3546 408 3637 ramulisqve
422 3540 874 3636 patenti-divergeutibus3
892 3536 1051 3610 usculis
1069 3537 1285 3608 diamemum
1296 3534 1520 3627 longitudine
1537 3551 1686 3623 aeqvan.

104 3684 212 3755 atus.

238 3813 392 3886 Habitat
412 3813 494 3884 loco
507 3813 754 3906 praecedentis.

105 3924 111 4038 ζ
152 3939 281 4012 DESC.
328 3943 440 4010 Caulis
461 3962 564 4009 setam
583 3942 756 4033 porcinam
779 3956 929 4016 crassus,
964 3931 1200 4025 semipullicari
1222 3930 1265 3996 ad
1284 3928 1479 4023 pollicarem
1502 3919 1709 4009 longitudi-¹

242 4058 301 4128 ne,
335 4047 519 4114 alternatim
540 4045 895 4137 duplicato-pinnatus·
943 4040 1038 4106 Rani
1058 4036 1244 4114 divaricari,
1277 4035 1346 4100 fere
1369 4021 1612 4107 horizontaleS,
1635 4025 1686 4090 ul-

243 4155 343 4232 terni,
366 4151 474 4239 rigidi,
497 4152 635 4241 aliisque
653 4148 838 4214 minoribus
855 4143 1004 4224 obsessi5
1026 4139 1145 4207 ramuli
1159 4139 1274 4231 patuli,
1299 4137 1426 4218 alterni,
1450 4139 1580 4209 brevest,
1604 4153 1686 4194 acu-

242 4257 370 4321 minati.
415 4257 557 4322 Fructus
574 4255 705 4321 Semina
719 4252 825 4331 nuda,
847 4247 1007 4328 rotunda,
1033 4247 1143 4327 fusca,
1165 4239 1269 4311 limbo
1284 4242 1452 4336 pellucido
1466 4262 1554 4327 saepe
1567 4236 1683 4306 cincta,

244 4360 394 4452 apicibus
407 4360 611 4426 ramulorum
625 4357 823 4447 sphacelatis
839 4356 1003 4419 immersa.
1051 4353 1137 4415 Tota
1151 4348 1245 4415 frons
1254 4346 1445 4446 articulata,
1460 4334 1593 4405 articuli
1612 4331 1686 4398 dia-

240 4466 343 4531 metri
358 4459 580 4549 longitudine,
605 4459 698 4527 striis
714 4457 842 4526 duatus
860 4452 1155 4541 longitndiualibns
1179 4455 1293 4517 notati.
1336 4443 1437 4514 Color
1463 4433 1685 4507 fusco-oliva-

112 4553 119 4562 ·
239 4589 340 4648 ceuS,
371 4569 541 4634 exsiccata
562 4565 688 4632 fuscus-
735 4561 925 4631 Substautia
950 4577 1078 4633 tenera,
1102 4547 1327 4634 rigidiuscula.
1373 4549 1504 4614 Annua.
1541 4539 1685 4630 Hycme.

242 4674 374 4740 Charta
388 4697 459 4740 non
471 4673 626 4738 adhaeret.

152 4787 253 4861 0138·
291 4788 346 4856 ud
363 4789 431 4857 hoc
446 4809 551 4872 genus
567 4789 664 4854 ctiam
679 4781 825 4876 pertinet
836 4768 1126 4863 Confervafroeou
1142 4767 1251 4835 lirrds.
1264 4791 1301 4858 p.
1320 4771 1392 4841 602.
1411 4793 1454 4819 ...
1476 4762 1581 4833 With.
1597 4763 1628 4838 4,
1650 4763 1688 4844 pi

243 4899 317 4969 att.
341 4925 386 4948 -··
406 4893 518 4963 Dittw.
533 4893 616 4959 Tab.
631 4899 684 4968 95.
704 4903 741 4952 et
752 4878 880 4949 lutrod.
895 4902 929 4942 ι.
945 4886 1017 4949 151.

717 5018 1083 5046 m

1193 5107 1296 5196 (14¹)
