4525 5842
875 396 1152 472 PRAEFATIOI
1757 391 1855 478 xvir

114 597 340 725 impedit,
377 622 475 724 qvo
495 602 652 690 minus
674 599 845 692 divisio
864 605 1086 725 persistat
1094 634 1107 712 3
1142 629 1256 691 nam
1287 594 1467 728 aparte
1491 607 1673 726 potiori
1694 603 1797 697 fieri
1815 605 1908 702 'de-

115 747 197 837 bet
212 744 563 835 denominatio
595 750 783 835 etitem
805 742 1092 836 distributio.
1158 750 1341 837 Natura
1364 747 1549 839 nullum
1572 749 1688 842 facit
1717 753 1904 869 saltum,

121 890 339 1013 dixerunt
365 888 556 981 veteres
587 893 710 979 etin
739 887 964 1017 adagium
991 890 1129 1000 abiit;
1177 890 1432 981 harmonia
1463 892 1653 1017 qvidem
1685 900 1839 988 etiam·
1855 903 1907 988 in

128 1037 347 1161 operibns
379 1057 560 1124 naturae
589 1064 693 1124 esse
717 1031 1014 1158 intelligitur,
1068 1067 1219 1159 eaqve
1243 1035 1524 1128 admiranda
1557 1064 1696 1165 atqve
1719 1039 1907 1153 divina;

131 1185 341 1274 transitus
363 1212 491 1305 saepe
507 1176 680 1269 dantur
694 1176 933 1269 manifesti
951 1212 1053 1278 non
1070 1181 1228 1271 solum
1252 1185 1375 1273 inter
1402 1186 1508 1308 ipsa
1532 1216 1680 1314 regna
1711 1209 1922 1302 natura,

129 1325 379 1420 sedetiam
406 1328 531 1417 inter
560 1319 789 1448 quasdam
814 1321 1010 1447 classes,
1040 1355 1218 1451 genera
1245 1349 1292 1418 et
1316 1324 1523 1452 species}
1568 1352 1777 1422 attamen
1803 1362 1906 1422 non

127 1473 300 1595 ubiqve
329 1473 555 1561 transitus
580 1473 659 1560 isti
687 1466 839 1561 oculis
868 1468 1225 1561 observantium
1255 1470 1540 1584 offeruntur;
1591 1472 1906 1599 qvare'etiam

128 1614 342 1744 singulos
363 1618 415 1703 in
430 1636 612 1705 naturae
635 1645 813 1741 magna
839 1643 988 1737 eaqve
1014 1637 1069 1704 ut
1092 1617 1324 1709 continua
1353 1612 1608 1723 decantata
1641 1642 1812 1712 eatena
1834 1624 1907 1708 in·

133 1761 306 1889 dagare
321 1757 567 1873 articulos,
590 1752 866 1878 hocopus,
900 1758 981 1849 hic
1000 1756 1163 1868 labor3
1198 1789 1400 1881 qvorum
1423 1792 1586 1852 veram
1617 1785 1908 1855 concatena-

128 1913 310 2000 tionem
325 1928 380 1996 ut
399 1907 763 2032 investigarent,
793 1901 953 2026 plures
980 1902 1213 1994 sudarunt
1235 1903 1428 2028 eruditi,
1466 1928 1514 1997 at
1539 1928 1654 2000 vota
1678 1910 1906 2032 spemque

126 2062 342 2180 ipsorum
359 2047 673 2140 nihilominus
690 2049 937 2172 hucusqve
953 2045 1122 2139 fefellit
1136 2069 1348 2140 eventus.
1422 2053 1541 2171 Qvae
1568 2082 1678 2142 cum
1702 2056 1770 2143 ita
1794 2056 1903 2165 sint,

129 2198 497 2308 delineationes,
534 2225 686 2320 opera
702 2215 883 2283 naturae
901 2192 1090 2315 objecta
1107 2215 1524 2317 repraesentantes,
1553 2196 1639 2286 ubi
1667 2199 1816 2290 verba
1844 2194 1908 2286 ad

126 2378 249 2459 rem,
285 2343 345 2435 de
361 2374 455 2466 qva
472 2345 648 2469 agitur,
685 2335 1044 2462 exprimendam
1061 2359 1175 2450 apta
1202 2335 1552 2455 desiderantur,
1584 2362 1631 2433 et
1652 2345 1739 2433 ubi
1766 2346 1908 2431 natu-
1996 2428 1998 2435 Α

127 2486 517 2614 rapolyrnorpha
532 2490 861 2611 systematicos
875 2488 926 2572 in
943 2487 1084 2573 tricas
1102 2485 1301 2602 conjicit
1327 2505 1409 2572 aut
1438 2480 1500 2572 ad
1522 2489 1694 2578 incitas
1717 2484 1904 2615 redigit,

128 2640 289 2743 vicem
306 2632 557 2724 verborum
574 2651 763 2758 gertmt,
801 2625 1099 2751 defectuiqve
1118 2630 1384 2750 systematis
1401 2637 1672 2740 medentur3
1708 2660 1907 2754 qvarurn

134 2785 275 2875 etiam
300 2774 553 2868 utilitatem
576 2781 682 2900 ipse
705 2775 830 2867 bene
858 2774 1156 2897 perspiciens
1184 2802 1286 2861 non
1314 2774 1382 2862 ita
1404 2790 1586 2896 paucas
1614 2795 1905 2896 cunctasqve
1967 2882 1977 2889 ,

129 2925 193 3018 ad
207 2919 802 3047 naturamdiligentissime
822 2918 910 3010 sub
933 2916 1061 3010 lente
1083 2923 1288 3009 exaravi.
1354 2920 1507 3041 Atqve
1530 2917 1623 3011 hac
1647 2920 1906 3012 occasione

10 3142 11 3151 ι
132 3076 347 3167 omittere
371 3099 474 3158 non
494 3068 697 3192 possum'
716 3085 869 3191 grates
896 3093 1026 3151 meas
1050 3093 1191 3183 agere
1214 3063 1332 3150 Viro
1368 3060 1766 3154 excellentissimo
1793 3061 1903 3152 Job.

131 3218 369 3316 Bulotvio,
403 3216 618 3304 Domino
639 3202 1052 3334 Sanderunrgaard
1068 3205 1266 3319 Fioniae,
1312 3204 1444 3320 cujus
1468 3207 1696 3327 impensis
1725 3209 1906 3299 exerci.

131 3366 334 3455 tationes
356 3362 467 3448 artis
490 3354 811 3448 delineatoriae
827 3356 877 3440 in
895 3350 1038 3440 horto
1060 3349 1290 3439 botanico
1311 3343 1563 3439 Hafniensi
1579 3351 1904 3465 instituuntur,

127 3506 298 3634 q'vibus
316 3506 550 3596 elementa
565 3500 706 3621 hujus
725 3501 835 3588 artis
861 3492 1054 3586 edoceri
1070 3495 1276 3617 cupiens
1295 3489 1502 3584 subinde
1521 3492 1726 3585 interfui.
1795 3493 1905 3586 Illas

10 3664 11 3669 '
124 3684 240 3748 vero
262 3647 608 3742 delineationcs
624 3646 713 3735 sub
734 3674 842 3734 mea
862 3642 1012 3764 ipsius
1031 3641 1333 3761 inspectione
1354 3669 1433 3725 aen
1420 3634 1522 3725 ad
1541 3642 1767 3729 amussim
1784 3643 1906 3731 inci·

123 3797 197 3891 dit
218 3800 275 3889 0,
300 3780 357 3887 O
374 3799 569 3919 Bagge,
602 3784 997 3913 Chalcographus
1015 3781 1309 3895 Hafniensis,
1345 3812 1446 3872 non
1466 3777 1623 3871 solum
1637 3782 1709 3873 ob
1739 3784 1901 3897 artem,

124 3975 270 4069 qvam
292 3963 486 4031 strenua
508 3967 637 4063 nunc
660 3957 707 4024 et
723 3931 853 4025 felici
871 3960 1019 4020 manu
1046 3949 1254 4039 exercet,
1309 3923 1396 4016 sed
1432 3930 1576 4016 etiam
1617 3929 1680 4018 ob
1707 3900 1901 4039 litteras,
1984 3932 1987 3938 ’

124 4087 300 4215 quibus
321 4082 436 4175 olim
449 4083 657 4194 vacavit,
691 4076 1068 4181 laudatissimus3
1103 4075 1155 4159 in
1173 4068 1342 4194 qvibus
1360 4102 1440 4160 aen
1426 4069 1747 4181 incidendis,
1783 4073 1904 4162 utin

121 4228 327 4325 Tabulis
343 4227 516 4321 eodem
533 4222 739 4336 ordine,
755 4253 848 4347 qvo
874 4222 926 4309 in
952 4248 1099 4342 opere
1126 4238 1403 4328 occurrunt,
1441 4213 1543 4305 aliae
1566 4213 1705 4327 alias,
1737 4215 1903 4338 qv'oad

123 4380 227 4501 ejus
251 4377 356 4467 fieri
378 4394 563 4499 posset,
607 4374 901 4494 exciperent,
925 4393 1147 4487 operam
1174 4359 1305 4472 dedi;
1354 4360 1437 4450 tali
1459 4363 1588 4450 enim
1620 4356 1903 4469 delineatio·

124 4557 241 4619 num
256 4522 380 4613 serie
400 4536 712 4640 conspectum
728 4510 994 4604 faciliorem
1010 4504 1147 4598 re'ddi
1163 4507 1448 4615 existimavi,
1484 4535 1736 4628 earumque
1763 4503 1902 4629 plan-

125 4692 281 4761 tarum
302 4661 555 4755 affinitates
571 4682 618 4750 et
640 4652 1046 4750 dissimilitudines
1061 4647 1231 4743 melius
1251 4662 1360 4737 ante
1380 4647 1548 4740 oculos
1561 4654 1695 4774 poni.

257 4806 408 4902 Haud
425 4837 533 4897 raro
559 4801 757 4916 accidit,
792 4823 845 4889 ut
859 4797 1121 4888 litterarum
1142 4790 1283 4885 rudes
1305 4790 1478 4918 aliiqve
1505 4791 1745 4887 interdum
1771 4794 1897 4910 talia,

129 4991 230 5088 qve
248 4961 379 5052 circa
397 4952 587 5078 plantas
612 4972 711 5045 tam
736 4949 943 5041 minutas
977 4965 1025 5036 et
1047 4939 1147 5036 fere
1172 4959 1435 5035 contentas
1457 4962 1725 5057 versantur,
1756 4968 1902 5041 cona-

1440 5102 1506 5188 (0)
