4525 5842
652 378 727 454 sot
1038 359 1419 440 ammonemus,
1453 359 1741 440 sanamus

596 582 750 652 Habitat
762 581 801 650 in
814 537 931 650 riuulo
945 575 1066 668 alpina
1080 576 1211 647 leniter
1226 577 1361 647 fluente
1379 578 1426 645 ad
1440 595 1569 666 rupem
1577 570 1810 644 Slattcratind
1817 591 1931 663 prope
1941 571 2038 646 Eide
2044 565 2189 647 Oster-

599 713 643 784 ὃο
657 715 794 783 Faerose
813 714 909 781 saxis
928 711 1078 802 adnata,
1104 713 1356 801 copiosissime.

643 873 768 939 DESC.
816 873 919 939 Radix
940 888 1080 951 scutata,
1103 873 1289 953 nigricans,
1315 866 1513 942 duriuscula.
1560 866 1710 934 Frondcs
1726 885 1920 953 aggregatae,
1950 867 2085 947 solidae,
2110 890 2185 932 ma-

603 1015 610 1044 :
704 1029 705 1034 1
733 978 818 1040 xime
836 973 1039 1057 gelatinosae,
1069 972 1213 1064 palmam
1229 973 1272 1039 ad
1291 973 1410 1062 pedum
1425 972 1550 1054 longas,
1585 969 1724 1052 digitum
1747 989 1779 1037 et
1799 970 1884 1038 ultra
1908 995 2042 1050 crassae,
2071 971 2186 1060 cylin-

600 1129 603 1134 -
732 1079 874 1157 macca,
911 1076 1122 1159 fluctuantes,
1158 1099 1353 1167 cursumqvc
1373 1097 1464 1166 aqvae
1486 1091 1674 1166 seqveutes,
1713 1076 1840 1165 apicem
1860 1098 1972 1141 versus
1994 1092 2184 1157 attenuatas,

732 1204 889 1262 ramosam
908 1182 992 1244 rami
1005 1183 1121 1270 sparsi,
1148 1181 1276 1261 alterni,
1301 1178 1454 1262 elongati,
1481 1180 1662 1254 tenuiores,
1688 1177 1824 1269 aliisquo
1839 1178 2041 1244 tenuioribus
2057 1179 2185 1245 abbre-

599 1345 602 1350 .
730 1285 888 1374 viatisqve
905 1284 1039 1354 obsessi.
1081 1285 1189 1350 Massa
1204 1283 1379 1370 gelatiuosa
1396 1281 1579 1373 pellucido,
1601 1282 1744 1360 viscosa,
1768 1281 1830 1346 sub
1851 1279 1937 1347 lente
1953 1282 2182 1374 inconspicua,

732 1386 826 1454 nullo
840 1388 985 1473 mar'glne
998 1404 1194 1477 apparente,
1218 1389 1280 1452 nisi
1294 1386 1385 1477 qvod
1400 1382 1535 1470 granula
1556 1386 1642 1450 intra
1661 1385 1873 1449 substantiam
1889 1383 2074 1451 nidulantia
2089 1411 2183 1452 mar·

731 1492 841 1576 ginem
865 1491 1152 1571 circumscribaut3
1183 1489 1317 1575 granula
1338 1491 1466 1554 interna
1487 1486 1638 1572 globosa,
1669 1485 1803 1566 viridia,
1834 1490 1869 1552 in
1899 1488 1991 1554 caule
2012 1493 2180 1582 ramisque

731 1595 897 1683 primariis
916 1595 1060 1673 rariora,
1092 1594 1128 1658 in
1142 1591 1276 1658 ramulis
1293 1616 1372 1657 vero
1395 1592 1556 1681 imprimis
1578 1591 1621 1656 ad
1641 1592 1821 1675 marginem
1842 1591 1975 1657 densius
1996 1613 2179 1686 compacta.

730 1698 835 1765 Color
849 1696 978 1764 frondis
992 1698 1131 1762 recentis
1147 1693 1422 1763 fusco-olivaceus
1438 1694 1491 1761 vel
1504 1694 1729 1780 fusco-niger,
1759 1696 1924 1761 exsiccata
1940 1697 2073 1776 viridis,
2101 1724 2181 1785 gra-

596 1851 601 1858 .
730 1800 888 1867 nulorum
907 1803 1088 1866 recentium
1106 1817 1139 1865 et
1154 1802 1349 1886 siccatorum
1370 1798 1494 1864 viridis.
1550 1798 1737 1863 Substantia
1759 1798 1897 1862 maxime
1918 1798 2115 1881 gelatinosa,
2146 1820 2179 1868 et

732 1903 815 1969 adeo
836 1903 982 1981 lubrica,
1017 1920 1054 1969 ut
1074 1927 1092 1967 e
1114 1899 1263 1967 manibus
1283 1904 1442 1991 captaturi
1465 1900 1618 1992 facillime
1637 1899 1794 1966 elabatur.
1852 1904 1982 1967 Annua.
2032 1911 2178 1970 Aestate.

734 2005 864 2070 Charta
888 2023 976 2070 arcte
996 2006 1157 2086 adheret,
1190 2021 1222 2070 et
1239 2004 1342 2074 Talon
1358 2002 1480 2091 (Mica)
1501 2005 1654 2096 imposita
1675 2021 1754 2094 post
1773 2006 2022 2074 exsiccationem
2039 2007 2178 2092 granula

731 2110 861 2195 interna
881 2109 942 2174 sub
956 2107 1043 2175 lente
1061 2110 1146 2175 bene
1160 2106 1314 2176 ostendit.

594 2265 599 2276 '
647 2255 766 2324 013ss¹
786 2258 826 2322 In
846 2273 930 2321 statu
952 2258 1076 2320 recenti
1091 2256 1230 2323 odorem
1247 2273 1311 2322 tam
1333 2257 1496 2340 ingratum
1516 2259 1637 2347 spirat,
1668 2274 1706 2322 nt
1722 2257 1916 2348 exemplaria
1936 2261 2032 2346 hujus
2046 2265 2178 2353 'speciei

651 2379 654 2386 ·
732 2359 855 2424 siccare
877 2356 1009 2423 difficile
1029 2360 1072 2423 sit
1094 2358 1199 2438 sactu,
1234 2358 1397 2449 siqvidem
1418 2360 1473 2424 alii
1496 2361 1665 2440 homines,
1698 2363 1755 2451 qvi
1773 2362 1872 2446 Algas
1890 2364 2078 2448 hujusmodi
2101 2391 2179 2434 non

733 2478 867 2541 curant,
898 2484 973 2527 enm
992 2459 1131 2528 odorem
1152 2484 1236 2546 tegre
1257 2466 1445 2552 patiuntur,
1482 2463 1571 2530 idem
1593 2466 1780 2532 observavit
1801 2466 1871 2532 Cel.
1892 2467 2107 2549 Ducluzeou3
2147 2474 2177 2538 is

733 2565 819 2631 hane
843 2567 990 2655 ,speeiem
1004 2588 1115 2631 mense
1137 2564 1262 2655 Aprilis
1284 2564 1381 2654 legit,
1420 2589 1479 2651 ego
1503 2590 1613 2633 mense
1633 2569 1771 2653 Augusti
1778 2594 1789 2650 3
1826 2569 1886 2636 sed
1901 2569 1991 2637 aliud
2011 2565 2177 2641 ess-cliiii·

732 2671 895 2736 montium
917 2671 1152 2735 Gebeunarum
1175 2668 1306 2746 Galliae,
1338 2668 1429 2733 aliud
1448 2673 1610 2735 montium
1631 2672 1854 2738 Faroensium
1861 2700 1872 2754 3
1907 2674 1935 2738 is
1958 2677 2070 2758 etiam,
2099 2704 2177 2746 cum

735 2796 803 2837 non
822 2774 885 2835 nisi
906 2770 949 2837 ad
968 2770 1088 2837 lentem
1106 2796 1225 2861 parum
1245 2790 1415 2856 augentem
1432 2796 1503 2837 eam
1524 2774 1759 2874 consideravit,
1790 2778 1834 2842 ob
1849 2776 2000 2858 habitum
2020 2782 2064 2846 ad
2075 2807 2177 2869 genus

735 2872 1035 2962 Batrocbospermi
1048 2872 1179 2956 retulit3
1200 2874 1259 2940 sed
1272 2874 1386 2940 melius
1405 2874 1447 2941 ad
1464 2900 1563 2959 genus
1578 2877 1763 2945 Patmeltae
1775 2878 1893 2944 referri
1909 2901 2063 2952 meretur.
2105 2890 2178 2957 Co-

734 2972 807 3054 lor,
838 2993 875 3039 ut
895 2979 960 3060 jam
976 2981 1090 3043 monui
1098 3026 1107 3059 ,
1138 2975 1174 3043 in
1188 2996 1272 3043 statu
1287 2980 1362 3044 vivo
1378 2961 1738 3061 est'fusco-olivaceus,
1772 2985 1828 3073 qvi
1853 2983 1922 3051 aliis
1945 2988 2177 3083 Hydropbyt‘n

733 3077 852 3168 alpinis
868 3080 1114 3162 Faeroensibus,
1141 3083 1401 3171 utFragiloriae
1414 3084 1581 3171 byenmli,
1605 3084 1754 3151 similiter
1767 3090 1933 3178 competit.
1957 3126 2001 3140 -
2021 3094 2174 3166 Ceterum

738 3181 920 3248 Tremelloe
934 3207 1072 3261 nomen,
1105 3203 1219 3277 utpote
1236 3209 1254 3252 a
1273 3185 1455 3276 Mycologis
1479 3186 1647 3255 nonnullis
1663 3208 1873 3282 usurpatum,
1906 3195 1942 3259 iu
1956 3220 2175 3290 synonymum

733 3284 917 3351 Palmelloe
945 3288 1078 3352 mutavi.

404 3534 497 3606 st.
514 3539 575 3629 69.
680 3540 715 3609 2.
765 3529 811 3597 P.
827 3525 986 3619 hyalino
992 3551 1007 3615 ‚·
1033 3528 1165 3598 fronde
1180 3531 1392 3622 gelatinosa,
1418 3533 1654 3628 cymmacea,
1678 3534 1892 3631 subhyalins
1898 3567 1912 3635 5
1937 3545 2092 3637 granulis
2107 3551 2173 3635 in7

601 3663 714 3734 ternis
730 3661 998 3752 minutissimis,
1026 3660 1200 3753 globosis,
1225 3666 1411 3735 viridibus.
1898 3720 1902 3726 .
2241 3709 2242 3782 i

653 3826 806 3897 Habitat
817 3828 856 3895 in
871 3849 962 3918 aqva
976 3826 1073 3896 dulci
1085 3826 1214 3897 leniter
1227 3827 1353 3900 fluenti
1367 3854 1482 3923 prope
1497 3831 1711 3910 Thorshavn
1727 3839 1875 3912 Faerooe.

649 3984 773 4051 DESC.
818 3986 924 4050 Massa
938 3977 1123 4069 gelatinosa,
1149 3985 1365 4074 cylindrscea,
1388 3978 1543 4070 solitaria,
1564 3992 1680 4075 solida,
1704 4019 1794 4087 aqvae
1809 4000 1994 4090 superficiei
2009 4007 2177 4094 innatans,

733 4084 888 4174 pollicem
901 4109 1003 4152 unum
1019 4088 1197 4162 alterumve
1210 4088 1317 4176 longa.
1364 4093 1466 4160 Color
1482 4095 1549 4160 fere
1572 4121 1691 4187 aqvose
1706 4099 1908 4190 pellucidus,
1932 4107 1996 4171 nisi
2016 4111 2108 4199 qvod
2128 4118 2175 4182 ob

735 4186 867 4269 granula
887 4192 1014 4254 interna
1035 4191 1152 4256 viridia
1171 4194 1213 4257 sit
1234 4194 1332 4259 viridi
1353 4194 1456 4263 dilute
1478 4200 1608 4268 tinctus.
1664 4203 1850 4272 Substantia
1871 4212 2011 4278 maxime
2032 4212 2180 4287 lubrica.
2239 4215 2240 4272 l

736 4290 876 4355 Aestate.
922 4293 1071 4359 Siccitate
1092 4293 1211 4358 chartae
1227 4296 1383 4366 adhaeret.
1762 4311 1766 4318 ’
2239 4275 2240 4368 l

869 4535 904 4571 **
949 4553 1043 4620 oqvoe
1064 4532 1179 4598 solsoe.
1420 4491 1428 4508 ι
2010 4575 2014 4582 ·

681 4694 715 4762 :a
763 4683 807 4750 P.
822 4681 1032 4770 frondosa-3
1056 4680 1187 4756 fronde
1209 4689 1414 4782 caespitoss,
1436 4673 1568 4786 terete,
1593 4669 1813 4796 dichotoms3
1837 4706 1945 4774 ramis
1973 4707 2175 4787 abbrevias-
2237 4681 2238 4686 Ἰ

604 4815 667 4904 tis,
692 4818 885 4905 truncatis3
910 4817 1156 4892 terminalibus
1173 4819 1377 4893 clavellatis.

741 4972 882 5027 Tremelio
893 4970 1045 5043 frondosa
1062 4976 1145 5035 Roth.
1165 4977 1225 5034 Cat.
1246 4977 1302 5035 bot.
1322 4992 1347 5048 3,
1369 5001 1395 5054 p.
1415 4995 1475 5058 m
