4525 5842
495 424 667 496 sacrm
692 425 929 498 sacerna,
983 425 1299 502 cassaturum.
1575 437 1626 526 69

92 639 250 710 Habitat
264 662 300 710 a.
314 641 352 707 in
368 638 449 707 sinu
465 611 670 707 Othinicnsi
686 640 781 708 saxis
799 640 920 708 radice
933 639 1140 730 adnascens,
1155 651 1212 710 sat
1226 641 1406 733 ireqvena
1419 677 1471 694 -
1485 636 1526 729 β.
1541 645 1581 714 in
1594 645 1677 716 sinu

93 776 201 843 maris
216 794 334 863 prope
348 771 510 862 Laurvig
524 770 713 863 Norvegiae
737 795 839 861 raro,
863 772 914 841 M
914 771 1017 842 iiller.
1039 809 1089 824 -
1113 801 1150 866 y.
1175 776 1222 844 ad
1236 799 1337 844 oram
1361 774 1447 846 freti
1463 766 1677 850 Oresundici

98 929 201 996 raro,
225 904 381 979 Miller.
406 943 460 957 -
483 894 513 978 d.
531 913 568 972 et
584 932 607 975 ε.
625 905 671 972 ad
685 903 785 974 littus
803 906 835 973 F
835 908 941 976 ioniae
960 907 1239 998 septentrionale
1255 908 1336 1000 legi.

146 1068 274 1134 DESC.
316 1066 421 1133 Radix
434 1090 547 1156 parva,
569 1083 710 1142 scutata,
733 1064 898 1156 lapidibus
913 1069 1119 1153 agglutinata.
1163 1069 1313 1137 Frondes
1331 1096 1370 1137 ex
1386 1072 1499 1139 eadem
1513 1073 1583 1140 basi
1598 1073 1678 1166 plu-

237 1171 342 1249 rima,
378 1169 559 1259 palmares,
598 1170 812 1259 spithamaae,
845 1173 983 1245 teretes,
1015 1174 1192 1254 tubulosae,
1221 1176 1291 1240 basi
1314 1194 1501 1259 attenuata,
1531 1202 1675 1269 pennam

160 1315 167 1330 ·
233 1276 434 1367 passerinam
449 1296 583 1351 crassae,
605 1297 681 1338 mox
699 1275 733 1338 in
749 1298 866 1364 pennae
891 1277 1032 1341 corvinae
1054 1278 1220 1343 interdum
1245 1282 1401 1347 anserinae
1428 1282 1677 1348 crassitudinem

231 1382 502 1456 intumescentes,
528 1395 560 1441 ct
578 1401 643 1465 qvo
657 1378 844 1457 breviores,
868 1403 908 1444 eo
924 1378 1118 1471 plerumqve
1143 1385 1328 1449 crassiores.
1374 1387 1469 1451 Rami
1492 1388 1562 1451 basi
1591 1403 1676 1451 atte-

230 1485 341 1563 nuati,
364 1481 487 1572 patuli,
513 1480 649 1550 alterni,
681 1481 802 1546 deinde
825 1481 983 1565 elongati,
1009 1501 1140 1564 teretes,
1165 1485 1352 1567 filiformes,
1374 1487 1571 1579 plerumqve
1595 1492 1677 1555 sim-

196 1626 200 1636 ·
230 1586 355 1676 plicm,
378 1585 544 1651 interdum
559 1584 666 1650 divisi.
714 1587 821 1651 Frons
836 1603 994 1675 praeterea
1012 1590 1147 1668 sinuata,
1170 1589 1333 1668 flexuosa,
1360 1609 1392 1655 et
1407 1593 1441 1656 in
1457 1591 1675 1660 adultioribus

236 1708 270 1755 et
285 1689 436 1756 senilibus
454 1714 540 1780 saepe
555 1690 610 1754 hic
636 1688 704 1754 illic
725 1686 1100 1780 ruguloso·compressa.
1146 1694 1287 1758 Fructus
1311 1694 1443 1759 Semina
1464 1695 1569 1776 nuda,
1593 1698 1675 1762 sub·

234 1794 377 1861 rotunda
387 1792 439 1860 vel
449 1795 658 1884 pyriformia,
677 1794 778 1873 fusca,
797 1795 831 1857 iu
845 1793 987 1859 maculas
995 1797 1182 1860 substantiae
1200 1796 1328 1862 frondis
1342 1797 1526 1881 galatinosae
1538 1803 1680 1890 sparsim

232 1901 400 1964 immersas
416 1915 579 1980 congesta.
628 1896 730 1963 Color
746 1880 978 1976 inscii-ruber,
1002 1897 1169 1962 interdum
1192 1898 1339 1966 dilutior.
1387 1896 1574 1967 Substantia
1596 1905 1679 1969 sub-

235 2002 432 2087 gclatinosa,
457 2000 600 2082 lubrica,
624 2001 744 2067 mollis.
791 2003 921 2068 Annua.
967 2002 1053 2068 Vere
1069 2019 1102 2066 et
1116 2004 1251 2068 AEstate.
1299 2003 1429 2069 Chartae
1446 2004 1601 2071 adhaeret.

150 2151 241 2220 OBS.
290 2154 491 2245 specimina,
514 2175 587 2242 qvae
608 2149 650 2215 ad
668 2150 759 2218 littus
774 2155 881 2217 moris
896 2151 1026 2217 Codani
1039 2151 1123 2235 legi,
1146 2155 1244 2219 ramis
1264 2151 1438 2236 elongatis,
1464 2156 1600 2222 omuino
1625 2171 1678 2221 te·

232 2258 376 2336 retibus,
399 2255 595 2347 aqvafibus,
619 2280 763 2346 pennam
776 2257 978 2346 passerinam
993 2257 1124 2322 circiter
1148 2258 1280 2336 crassis,
1304 2254 1501 2323 lubricitatis
1524 2259 1594 2324 sere
1616 2284 1677 2326 cx·

228 2362 392 2453 pertibus,
415 2379 448 2426 et
462 2360 573 2426 colore
588 2358 691 2425 diluta
706 2361 820 2438 rubro,
843 2357 1009 2425 interdum
1026 2360 1130 2440 ssave,
1156 2361 1314 2427 differunt
1327 2362 1368 2425 ab
1384 2362 1441 2441 iis,
1465 2386 1536 2453 qvae
1553 2365 1588 2428 in
1602 2366 1682 2429 sinte

229 2465 427 2530 Otitiniensi
451 2481 644 2544 occurrunt,
670 2488 741 2554 qvae
765 2462 887 2528 coloris
911 2481 988 2527 sunt
1017 2464 1222 2542 intensioris,
1248 2463 1316 2528 sere
1339 2466 1498 2544 brunnei,
1520 2484 1680 2555 praeterea

234 2568 410 2632 manifeste
424 2567 570 2647 lubrica,
594 2586 623 2633 et
636 2567 745 2657 qvoad
760 2567 985 2657 peripheriam
1007 2564 1072 2631 illis
1093 2571 1235 2652 majora,
1257 2585 1288 2632 at
1308 2566 1417 2656 qvoad
1440 2566 1681 2650 longitudinem

240 2673 382 2737 minora.
439 2671 587 2736 Ceterum
600 2670 718 2761 planta,
741 2670 783 2736 ad
798 2670 1040 2761 provectiorem
1054 2688 1182 2736 aetatem
1201 2671 1408 2761 perveniens,
1435 2673 1555 2736 sensim
1577 2674 1680 2754 magis

238 2776 404 2864 magisqve
426 2772 551 2839 lubrica
570 2775 693 2854 evadit,
724 2793 772 2855 et,
798 2773 942 2859 granulis
964 2776 1117 2855 maturis,
1148 2775 1241 2840 frons
1267 2773 1444 2858 gelatinosa
1468 2773 1678 2857 dissolvitur,

238 2903 304 2970 qvo
319 2878 416 2959 facto,
434 2878 569 2962 granum
583 2878 687 2944 libere
700 2878 777 2944 inde
791 2895 920 2957 exeunt,
936 2876 1032 2942 aliam
1047 2878 1177 2968 prolem
1186 2894 1434 2969 propagatura3
1457 2879 1491 2942 in
1502 2878 1567 2945 hoc
1582 2878 1682 2944 adul-

233 2985 310 3050 tiori
328 3001 414 3049 statu
435 2983 506 3048 hac
526 2982 597 3066 alga
618 2983 696 3048 alias
717 2982 897 3050 Conservas
917 2984 1076 3047 tenuioris
1098 2984 1303 3059 substantiae,
1335 2984 1364 3046 ei
1385 2985 1564 3063 immixtas,
1586 2985 1681 3049 brevi

233 3104 383 3178 tempore
401 3088 537 3154 omnino
555 3086 769 3177 decomponit
783 3088 978 3177 penitusqvc
994 3109 1105 3149 secum
1122 3082 1288 3163 dissolvi13
1313 3101 1391 3150 tunc
1410 3088 1507 3148 etiam
1526 3103 1681 3175 tanqvam

234 3190 348 3276 gluten
364 3190 512 3256 adhiberi
528 3208 651 3283 potest.
698 3192 884 3258 Substantia
899 3211 955 3253 sua
970 3187 1123 3252 crassiori
1137 3202 1169 3249 et
1183 3183 1378 3268 gelatinosa,
1406 3204 1443 3250 ut
1458 3189 1553 3250 ctiam
1568 3188 1682 3255 colore

238 3313 420 3376 constante,
443 3313 492 3362 sat
507 3320 672 3387 supet-qve
687 3295 798 3361 differt
819 3292 1087 3382 aScytosrpltone
1108 3312 1314 3377 compresso,
1337 3290 1395 3378 qvi
1416 3287 1535 3354 fronde
1562 3289 1683 3373 gaudet

232 3401 498 3480 membranacea,
522 3404 632 3480 tenni,
657 3399 774 3479 viridi,
798 3397 942 3482 granulis
958 3411 1068 3461 notata
1079 3442 1088 3473 ,
1111 3392 1369 3481 lubricitatisqvc
1385 3394 1521 3461 omnino
1536 3411 1681 3485 experte.

228 3538 273 3556 -
297 3506 446 3572 Varietas
461 3510 489 3582 δ,
515 3528 613 3594 qvam
627 3526 780 3588 rugosam
796 3500 874 3581 dixi,
896 3499 1044 3582 ulnarem
1060 3499 1189 3581 attingit
1204 3495 1454 3579 longitudinem,
1481 3498 1573 3582 digiti
1590 3523 1682 3563 cras-

230 3606 427 3689 situdinem,
451 3607 599 3688 hullosa,
625 3607 761 3675 flaccida
781 3628 963 3695 rugosaqve
986 3628 1043 3671 sua
1067 3600 1208 3682 fronde,
1231 3602 1331 3667 ramis
1353 3603 1466 3692 paucis
1491 3600 1679 3692 aeqvalibus,

192 3759 199 3772 .
231 3728 266 3777 et
279 3712 392 3781 colore
408 3713 608 3779 lassescente
625 3712 719 3778 facile
733 3711 940 3777 discernitur.

178 3943 214 4012 2.
270 3931 315 4001 G.
325 3954 629 4026 purpurascens3
650 3932 780 4004 fronde
796 3951 956 4020 ramosa,
980 3882 1319 4019 ramibramulisqre
1336 3923 1516 4015 distichis,
1540 3925 1681 4020 subop-
1709 3933 1877 4016 Tab,17.

98 4053 249 4157 positis,
274 4065 407 4138 ultimis
423 4071 598 4159 pinnatis;
623 4069 742 4174 pinnis
755 4066 902 4135 minutis
917 4063 1099 4154 oppositis.

239 4199 318 4250 Ulva
337 4214 545 4266 purpurascens
562 4196 650 4251 Huda.
669 4216 696 4269 p.
715 4191 789 4267 569?

153 4333 198 4432 β)
223 4335 477 4429 coespitosum,
501 4338 632 4411 fronde
648 4338 906 4426 ramosissimis,
929 4335 1038 4405 ramis
1059 4333 1201 4407 inferne
1226 4333 1367 4425 densis,
1391 4336 1542 4425 sparsis,
1576 4351 1681 4401 sum-

207 4473 277 4541 mis
294 4471 464 4564 distichis,
494 4474 676 4565 oppositis,
694 4473 860 4565 pinnatis.

113 4634 253 4711 Habitat
268 4642 315 4710 ad
332 4640 458 4710 littora
474 4640 681 4711 Faeroensia
695 4644 789 4711 saxis
806 4650 844 4711 et
857 4637 1036 4731 stipitibus
1050 4632 1268 4702 Laminariae
1284 4628 1504 4702 saccharinae
1528 4640 1566 4700 et
1583 4625 1680 4725 digi-

110 4779 201 4838 tatae
216 4775 414 4844 adnascens.
438 4811 485 4826 -
499 4770 539 4860 β.
553 4774 699 4845 ibidem.

154 4931 274 5001 DESC.
317 4934 427 5003 Radix
442 4935 575 5019 exigua,
598 4936 774 5021 nigricans.
824 4933 933 4999 Frons
948 4928 1091 4997 solitaria
1107 4927 1160 4996 vel
1175 4928 1528 5020 caespitem-gregaria,
1552 4921 1683 5015 palma·

237 5041 299 5124 ris,
323 5041 398 5108 basi
414 5056 600 5123 attenuata,
624 5040 807 5116 fililormis,
831 5061 909 5106 mox
922 5058 1066 5132 pennam
1078 5036 1282 5128 passerinam
1301 5031 1353 5101 rel
1374 5032 1543 5099 corvinam
1562 5051 1681 5111 crassa,
