4525 5842
148 1788 439 1949 superficie·
464 1818 616 1896 terrae
638 1791 745 1898 vim
773 1829 919 1899 suam
948 1795 1239 1899 mirandam
1268 1799 1563 1921 ostendere,
1623 1806 1745 1943 qvin
1776 1808 1930 1909 etiam

149 2037 209 2138 in
241 2034 460 2140 occultis
500 2032 773 2147 thesauros
808 2077 930 2142 suos
967 2034 1374 2182 pretiosissimos
1412 2040 1704 2147 clanculum
1734 2084 1933 2192 expan-

150 2275 310 2385 derel

352 2522 588 2664 Benigno
618 2522 775 2664 igitur
803 2518 891 2625 illo
924 2526 1125 2645 animo,
1196 2561 1345 2665 qvof
1393 2529 1760 2667 imperantium
1790 2532 1932 2672 opti·

141 2797 263 2886 me,
323 2765 461 2869 cives
498 2742 680 2869 TUOS
713 2769 944 2923 omnium
976 2762 1216 2871 ordinum
1246 2768 1439 2910 excipis
1470 2767 1725 2908 qnotidie,
1790 2772 1931 2929 exsi-

149 3008 265 3148 pias
299 3046 492 3151 precor
527 3001 629 3107 hos
665 3007 883 3108 marium
913 3004 1303 3148 lluviorumqve
1344 3005 1590 3131 infantes,
1659 3014 1744 3151 qvi
1784 3014 1927 3152 aqvis

153 3252 336 3351 emersi
368 3249 531 3353 oculis
562 3225 725 3348 TUIS
758 3249 1124 3390 augustissimis
1147 3243 1234 3348 hic
1262 3241 1549 3350 humillime
1570 3285 1685 3350 sese
1714 3250 1927 3391 subjici-

148 3520 263 3615 unt,
294 3516 667 3635 repraesentare
696 3452 966 3631 cupientes
993 3486 1178 3590 fratres
1207 3526 1326 3592 suos
1358 3514 1510 3629 atqve
1540 3526 1764 3612 sororem
1795 3530 1926 3631 qvos

145 3733 244 3834 sub
274 3732 627 3837 moderamine
654 3731 887 3871 Neptuni
917 3728 984 3832 ad
1023 3729 1196 3831 littora
1228 3710 1361 3832 TUI
1397 3733 1601 3876 imperii
1633 3727 1925 3879 habitantes

142 3977 201 4080 N
204 3974 380 4116 ajades
407 3977 461 4090 N
464 3976 766 4116 ereidesqve
797 4008 1002 4093 omnes,
1045 3964 1318 4073 fluviatiles
1350 4000 1500 4114 atqve
1528 3950 1779 4094 marinae(
1803 4012 1925 4115 gre-

143 4222 263 4321 miis
295 4218 436 4320 alunt
465 4218 731 4359 amiceque
752 4182 973 4314 tuentur.
1043 4208 1202 4314 Haud
1232 4212 1440 4354 qvidem
1468 4217 1748 4355 ignorant»
1777 4217 1919 4356 qvod
1948 4202 1951 4208 ¹

143 4464 477 4579 vestimenta,
537 4456 718 4599 qvibus
749 4448 1048 4594 simpliciter
1076 4455 1346 4577 incedunt,
1398 4450 1680 4599 splendore
1710 4369 1923 4562 ehreant
1990 4480 1993 4486 ’

149 4730 364 4824 naturae,
420 4705 505 4805 vix
531 4738 596 4804 ao
621 4732 689 4800 ne
718 4699 803 4799 rix
831 4694 1039 4838 quidem
1070 4692 1352 4842 imitabilis;
1423 4694 1587 4801 nihilo
1617 4707 1791 4801 tame‘n
1820 4700 1921 4800 mi-

142 4952 259 5073 nus
285 4985 411 5051 cum
436 4984 500 5052 ex
526 4937 792 5049 domicilio
821 4939 1055 5083 Neptuni
1083 4938 1190 5081 jam
1219 4941 1272 5039 in
1295 4919 1506 5041 TUUM
1540 4935 1769 5042 translati
1801 4947 1916 5062 sint,
