4525 5842
462 371 635 443 sacrm
666 369 901 443 saeuum.
961 372 1328 458 osouaaroffla.
1580 391 1632 472 ar
1723 369 1728 374 ’
1778 367 1781 372 ’

90 583 244 654 Habitat
264 583 306 651 in
320 580 447 652 fundo
461 580 593 651 limoso
611 579 810 671 fossarum,
834 586 1055 674 piscinarum
1075 597 1112 655 et
1133 587 1334 659 rivulorum
1356 588 1456 661 lente
1479 591 1682 684 fluentium,

90 721 247 809 impuras
265 739 385 809 aqvas
401 696 629 804 vehentium,
653 715 799 785 demum
813 741 913 810 aqvas
938 720 1139 811 superficiei
1152 724 1337 813 innatans,
1362 734 1418 793 sat
1434 723 1612 818 freqrens.

137 878 262 945 DESC.
309 879 468 945 Stratum
490 899 690 967 expansum,
723 877 985 948 indeterminata
1002 881 1252 968 magnitudinis,
1276 882 1432 973 palmaris
1454 912 1547 978 sape,
1564 906 1678 955 exten-

226 984 353 1064 sionis,
374 999 517 1049 saturata
531 998 563 1044 et
576 980 716 1045 obscure
730 982 855 1064 uiride,
881 984 1086 1069 longissimos
1101 986 1212 1053 radios
1230 987 1324 1053 brevi
1348 1006 1496 1078 tempore
1517 992 1677 1075 emittens,

230 1089 399 1154 substrato
423 1087 543 1152 limoso
566 1086 868 1174 superincumbens.
928 1089 999 1154 Fila
1023 1089 1200 1179 simplicia,
1231 1094 1405 1173 continua,
1434 1093 1587 1183 pollicari
1610 1098 1679 1164 sere
1722 1137 1726 1144 ·

233 1191 457 1277 longitudine,
482 1192 611 1265 stricta,
631 1206 741 1270 reeta,
776 1193 868 1281 apice
884 1194 1017 1273 obtusa,
1043 1193 1244 1271 oscillantia,
1270 1196 1423 1278 citissime
1443 1199 1477 1260 in
1497 1196 1678 1284 longitudi-
1764 1220 1766 1224 ’

233 1319 307 1360 nem
322 1296 554 1361 excrescentia.
592 1293 686 1358 stria
700 1294 930 1361 transversales
949 1296 1120 1377 distinctae,
1137 1296 1232 1362 sacile
1248 1300 1443 1388 conspicuae,
1469 1300 1678 1386 densissimae,

232 1398 409 1489 parallelae.
455 1397 633 1463 interstitia
648 1395 885 1486 subpellueida,
901 1402 1110 1481 brevissima,
1138 1400 1296 1466 diametro
1319 1401 1367 1466 fili
1383 1403 1461 1492 Splo
1481 1409 1678 1489 angustiora.

234 1503 338 1570 Color
353 1504 446 1586 strati
471 1500 675 1579 atroviridis‚
700 1499 833 1566 filorum
848 1503 1045 1568 radiantium
1059 1503 1306 1583 coerulescens,
1329 1505 1381 1572 vel
1395 1503 1534 1574 obscure
1551 1507 1679 1581 viridis,

237 1607 324 1674 Vere
339 1624 369 1671 et
385 1622 513 1683 aestate,
558 1605 687 1670 Chartae
703 1623 790 1669 arete
806 1606 960 1672 adbaeret.

159 1723 249 1789 OBS.
295 1722 362 1788 Fila
376 1721 471 1807 bujus
486 1722 612 1816 generis
627 1723 784 1784 continua
799 1720 864 1785 dici
879 1741 1037 1810 possunt,
1063 1725 1225 1815 siqvidem
1244 1723 1356 1789 annuli
1371 1727 1491 1791 interni
1510 1745 1679 1795 transver-

237 1826 317 1892 sales
327 1875 337 1906 ,
361 1829 416 1916 qvi
432 1844 590 1914 tanquam
604 1825 639 1887 in
658 1821 812 1908 singulari
827 1823 941 1890 subulo
961 1828 1110 1892 interiori
1127 1826 1318 1893 densissime
1340 1831 1502 1917 compacti
1519 1849 1611 1912 sunt,
1635 1835 1678 1901 ad

237 1950 407 2022 utrumque
422 1930 469 1996 iili
484 1931 664 2013 marginem
678 1930 819 2018 spatium
846 1924 1050 2018 pellucidum
1074 1932 1268 1996 continuum
1289 1928 1490 2021 relinqvunt.
1513 1968 1554 1982 -
1578 1938 1677 2002 Cete-

239 2059 310 2099 rum
324 2036 461 2124 species,
487 2034 529 2099 de
544 2057 607 2122 qva
628 2032 682 2097 hie
695 2023 879 2122 loqvirnur,
903 2033 933 2096 si
950 2033 1070 2097 chartae
1085 2035 1147 2100 sub
1163 2058 1250 2123 ‚aqva
1272 2035 1471 2124 imponitur,
1493 2037 1609 2119 celere}
1622 2042 1679 2105 in-

241 2158 436 2204 crementum
453 2141 559 2229 capit,
585 2155 618 2201 et
632 2135 684 2201 fila
700 2135 872 2226 pollicaria
889 2155 921 2201 et
935 2137 1021 2203 ultra
1046 2163 1109 2229 per
1125 2162 1224 2204 unam
1242 2156 1373 2204 noctem
1386 2140 1533 2205 emittere
1547 2161 1674 2231 potest3

240 2246 304 2307 haec
320 2243 373 2308 fila
386 2244 448 2309 sub
460 2242 548 2308 lente
560 2244 681 2305 mirum
695 2242 731 2307 in
748 2242 884 2307 modum
900 2240 1051 2306 oscillant
1066 2242 1117 2309 vel
1138 2267 1208 2310 sese
1222 2245 1394 2324 motitaut,
1424 2244 1523 2334 idqve
1544 2249 1579 2311 in
1599 2272 1677 2314 om·
1742 2317 1745 2320 ,

234 2370 286 2412 nes
303 2364 414 2437 partes
429 2365 462 2410 et
477 2346 689 2424 directiones,
712 2346 766 2410 vix
790 2361 898 2410 autem
918 2345 1043 2431 singula
1067 2346 1238 2428 solitarie,
1269 2347 1325 2414 sed
1348 2373 1418 2416 una
1441 2351 1511 2415 vice
1530 2350 1601 2422 duo
1625 2352 1677 2419 vel

234 2450 330 2539 plura
344 2452 487 2515 invicem
498 2451 583 2516 banc
600 2448 773 2515 oscillandi
787 2452 854 2514 vim
868 2466 1032 2515 exserunt.
1080 2450 1150 2516 Cel.
1169 2449 1212 2516 V
1205 2453 1386 2516 macharius
1407 2454 1442 2518 iu
1464 2477 1503 2522 ‚ea
1527 2472 1575 2519 est
1598 2459 1676 2547 opi-

240 2555 358 2632 nione,
379 2552 609 2618 Oseillctorias
627 2553 671 2618 ob
687 2553 773 2618 hane
789 2552 975 2618 facultatem
999 2552 1041 2618 ad
1064 2578 1202 2636 regnum
1226 2553 1364 2619 animale
1386 2557 1569 2643 pertinere,
1594 2562 1675 2647 qvia

244 2657 340 2721 etiam
354 2662 395 2729 de
412 2658 518 2746 eapite
533 2681 636 2722 earum
661 2675 693 2722 et
711 2657 813 2723 cauda
835 2655 972 2722 disserte
991 2655 1151 2746 loqvitur.
1193 2655 1269 2722 Col.
1290 2651 1512 2744 Agardliids,
1542 2662 1597 2747 qvi
1620 2660 1676 2725 iila

241 2760 398 2826 normulis
413 2760 495 2826 vidit
509 2762 543 2825 in
568 2761 719 2846 globulos
737 2762 900 2829 levissime
921 2761 1123 2828 cohaerentes
1145 2760 1254 2839 abire,
1276 2784 1379 2850 eaqve
1405 2777 1548 2829 estrato
1571 2763 1675 2829 libera

236 2883 330 2932 motu
343 2882 494 2957 reptante
509 2891 610 2934 curro
625 2884 658 2932 et
670 2867 850 2933 lentissimo
873 2870 908 2934 in
923 2891 1006 2957 aqva
1020 2890 1090 2930 sese
1112 2863 1315 2954 producere,
1341 2866 1464 2947 credit,
1491 2890 1528 2936 ea
1547 2869 1581 2933 iu
1603 2868 1676 2935 aliis

232 2972 306 3037 vitae
322 2971 525 3060 temporibus
541 2996 610 3037 esse
625 2970 836 3055 vegetabilia,
858 2973 895 3035 in
910 2970 980 3034 aliis
996 2994 1064 3034 esse
1082 2967 1243 3033 animalia.
1284 2970 1357 3053 Ego
1382 2970 1534 3058 equidem
1557 2972 1673 3039 dehac

233 3098 281 3147 re,
301 3099 371 3164 qvae
386 3074 512 3142 altioris
528 3094 577 3142 est
591 3075 765 3160 indaginis,
790 3073 919 3139 nullum
933 3072 1020 3138 serre
1030 3071 1139 3136 audeo
1149 3071 1356 3152 suffragium.
1402 3073 1479 3139 vidi
1495 3094 1581 3141 certe
1598 3101 1675 3143 mo-

235 3178 395 3243 tiunculas
408 3180 482 3245 istas
497 3183 559 3247 sub
573 3180 661 3246 lente
675 3179 813 3243 maxime
834 3193 969 3261 augente
988 3173 1079 3240 baud
1101 3197 1210 3254 raras3
1237 3172 1297 3238 sed
1316 3175 1395 3238 iude
1417 3174 1465 3240 nil
1487 3183 1569 3244 certi
1589 3204 1674 3246 con-

236 3280 366 3348 cludere
379 3281 470 3365 lieet,
495 3284 658 3375 siqvidem
679 3301 893 3371 motus‘aeqve
915 3279 1057 3345 mirandi
1080 3295 1112 3342 et
1132 3275 1380 3367 inexplicabiles
1400 3278 1435 3340 in
1449 3276 1575 3367 plantis
1598 3287 1675 3373 qvi-

233 3385 370 3451 busdam
384 3385 646 3477 phanerogamis,
671 3413 702 3455 v.
720 3412 749 3451 e.
764 3386 946 3473 Hedysaro
957 3395 1120 3472 gyrante,
1141 3381 1455 3446 animadvertuntur.
1503 3383 1596 3464 Sunt,
1617 3387 1675 3475 qvi

231 3491 384 3571 credant,
404 3491 494 3556 ⁴hane
508 3491 747 3560 oscillationem
761 3487 854 3569 luci,¹
871 3513 941 3579 qvae
958 3490 993 3552 in
1013 3486 1067 3551 fila
1082 3487 1149 3550 vim
1165 3507 1255 3550 suam
1279 3487 1416 3565 exserit,
1441 3488 1574 3552 attribui
1589 3514 1673 3579 pos-

231 3618 284 3678 se3
314 3612 475 3685 preterea
496 3620 566 3662 non
587 3595 788 3680 negandum,
821 3591 995 3659 nonnullas
1017 3589 1150 3656 filorum
1173 3588 1392 3660 oscillationes
1412 3594 1672 3658 motitationibus

234 3723 343 3789 aqvae,
370 3698 565 3765 alevissima
583 3700 801 3765 observatoris
820 3697 1036 3787 respiratione
1051 3696 1149 3774 ortis,
1175 3692 1317 3758 adscribi
1333 3693 1471 3774 debere3
1498 3696 1587 3782 qvod
1611 3720 1672 3760 au-

235 3821 299 3868 tem
313 3827 375 3892 per
388 3802 675 3894 prolongationem
686 3801 743 3868 fila
758 3827 792 3867 se
805 3804 966 3878 motitant,
990 3799 1026 3861 id
1038 3796 1130 3862 suilla
1146 3815 1194 3861 est
1202 3796 1379 3877 ceciliano,
1402 3797 1462 3863 sod
1476 3797 1579 3864 modo
1596 3824 1673 3865 ere·

235 3909 355 3972 scentia
368 3907 518 3974 dicenda.
561 3910 715 3974 Ceterum
732 3930 801 3972 nou
817 3905 970 3970 omnibus
984 3903 1082 3985 hujus
1096 3902 1225 3985 generis
1248 3902 1437 3991 speciebus,
1462 3901 1519 3967 sed
1545 3903 1681 3969 solum-v

234 4010 334 4078 modo
348 4013 399 4091 iis,
425 4017 496 4103 qvia
511 4014 570 4078 sub
587 4007 693 4102 prima
706 4011 768 4076 hac
782 4008 1005 4075 subdivisione
1020 3999 1240 4084 eontinentur,
1262 4007 1331 4070 istae
1346 4003 1564 4072 oscillationes
1579 4032 1675 4074 eom·
1731 4011 1734 4017 ’

232 4133 368 4205 petunt,
393 4116 532 4206 ideoqve
546 4115 616 4182 Cel.
628 4097 831 4204 Agcrdbius
846 4110 1068 4178 Oseillatorias
1081 4110 1118 4174 in
1133 4131 1225 4174 veras
1253 4125 1284 4173 et
1296 4109 1440 4198 spurias,
1467 4134 1538 4202 qvae
1561 4111 1674 4177 forsan

234 4218 401 4309 peculiare
415 4243 514 4303 genus
531 4222 729 4286 constituere
741 4235 894 4309 possent,
913 4217 976 4280 rite
992 4214 1150 4280 distinxit.
1607 4240 1608 4244 ¹

169 4430 204 4497 2.
265 4419 307 4488 0.
331 4417 464 4512 nigrc5
495 4420 562 4489 {ilis
588 4420 828 4510 simplicibus,
861 4413 1273 4508 griseclutasosntibus,
1289 4412 1488 4496 muratis,
1504 4431 1535 4482 e
1549 4415 1671 4482 suaso
1694 4411 1786 4482 Tib.
1806 4416 1867 4495 26.

100 4554 202 4644 nigro
215 4552 358 4624 lubrico
379 4553 488 4647 longe
508 4554 748 4643 radiantibus,
769 4552 917 4646 rigidis,
931 4551 1059 4630 rectis.
1213 4523 1216 4528 ¹
1569 4539 1572 4546 ⁵

232 4699 421 4753 oscillacorra
440 4709 525 4774 nigra
538 4702 649 4788 visch.
669 4718 696 4770 p.
720 4715 775 4770 spa
795 4698 867 4752 aab.
891 4708 929 4762 15·
948 4694 995 4766 fig.
1012 4699 1040 4760 ,4.
1059 4718 1098 4732 -·
1111 4690 1246 4766 Ag-.Dsc.
1258 4707 1338 4752 aaa·
1357 4700 1407 4756 182
1422 4687 1538 4776 stiva«
1552 4708 1588 4770 ,p
1612 4700 1668 4754 τοῦ·

85 4835 823 4917 Habiminoimuclmteuuenausad
838 4832 1669 4932 afflaminssnntanatasatnvepieasew

88 4972 496 5062 superficieiinnatans.
578 5027 603 5060 ,ι
629 5001 655 5034 a
1599 5013 1602 5022 ¹
