4525 5842
520 355 691 435 sueno
716 347 935 445 avirra:
997 336 1275 418 oeNFERVlt·
1555 341 1630 417 143

138 582 278 652 DESG.
327 578 457 666 Carpos
481 565 706 652 longissimus,
731 557 840 624 ulnari
858 550 1046 642 orgyaliqve
1067 545 1291 632 longitudine,
1316 541 1379 608 aab
1402 551 1485 630 aqva
1507 536 1681 615 fluctuans,
1712 529 1716 541 ’

238 704 358 754 rectas.
405 676 478 745 Fila
492 668 751 761 simplicissima,
776 662 899 739 tenuia,
927 654 1039 745 capilli
1053 653 1188 718 humani
1203 647 1365 726 crassitie,
1395 646 1431 710 in
1452 643 1549 710 funes
1565 639 1680 731 plures

236 789 446 876 longissimos
462 779 562 845 denoe
577 785 746 862 compacta
763 784 795 832 ct
808 787 893 854 saepe
907 775 1067 828 contorta.
1113 752 1256 822 Articuli
1272 751 1430 818 diurnetro
1444 745 1563 837 3-4plo
1582 762 1614 809 et
1627 741 1682 808 ul-

234 914 288 962 tra
299 892 490 987 longiores,
512 902 601 946 nunc
619 877 680 957 toti
694 872 799 938 massi
813 866 914 935 viridi
925 861 1123 950 granuliserb
1138 857 1275 950 repleti,
1294 875 1383 918 nunc
1405 851 1515 916 medio
1538 846 1682 939 pelluci-

238 1001 297 1080 dig
314 993 486 1062 interdum
499 989 535 1052 in
551 1000 636 1050 statu
649 975 805 1045 adultiori
819 970 926 1037 tubuli
940 969 1061 1034 interni
1073 967 1158 1032 bene
1172 959 1360 1050 conspicui,
1391 953 1549 1041 geniculis
1570 948 1682 1042 pellu-

243 1105 341 1184 cidis,
362 1092 512 1186 genicula
527 1089 605 1154 alias
621 1085 759 1152 obseura
768 1107 779 1163 3
801 1095 946 1143 ceterum
960 1069 1100 1149 articuli,
1119 1069 1148 1133 ai
1163 1064 1341 1132 filadibere
1353 1062 1572 1135 exsiccantur,
1595 1076 1687 1144 aeqre

245 1235 281 1275 ac
296 1200 522 1299 praecedentis,
542 1190 729 1259 alternatim
745 1180 935 1273 compressi.
982 1174 1085 1243 Color
1100 1174 1228 1237 intense
1244 1165 1371 1235 viridis.
1416 1160 1602 1230 Substantia
1614 1153 1686 1248 ¹pro

244 1312 413 1380 teneritate
428 1320 479 1370 sat
492 1319 599 1366 tenax.
645 1295 732 1362 Vere
745 1303 782 1354 “ct
796 1302 914 1353 aestate.
961 1280 1090 1346 Chartae
1107 1275 1179 1341 laxe
1195 1273 1350 1338 adhaeret.

147 1439 249 1509 OBS.
296 1437 350 1505 Ad
367 1428 615 1499 antecedentem
637 1420 707 1485 baec
733 1414 857 1508 species
878 1432 985 1502 prope
1008 1399 1150 1483 accedit,
1176 1398 1287 1465 differt
1309 1409 1420 1459 tamen
1442 1386 1688 1481 qvodammodo

238 1535 527 1622 filis'longioribus
540 1524 736 1596 rectioribus
750 1514 1000 1590 fluctuantibus,
1026 1504 1171 1572 articulis
1185 1499 1395 1588 longioribus-
1414 1512 1447 1560 et
1461 1493 1574 1575 colore
1596 1507 1688 1558 satu-

242 1649 378 1715 ratiore.
401 1675 442 1690 -
463 1637 612 1704 Varietas
628 1635 663 1713 β.
676 1628 762 1691 hanc
777 1640 926 1690 nostram
942 1619 977 1681 in
994 1611 1151 1706 plurimis
1166 1606 1248 1672 adeo
1263 1602 1383 1674 refert,
1407 1616 1446 1663 ut
1467 1575 1521 1664 vir
1542 1579 1636 1674 inde,
1659 1595 1689 1659 si

481 1736 628 1829 separari
643 1748 750 1823 qveat.
774 1763 817 1778 -
836 1724 983 1792 Varietas
998 1743 1032 1800 y.
1055 1714 1185 1804 caespite
1200 1706 1319 1794 gaudet
1336 1705 1526 1795 spitbamaeo
1543 1716 1575 1763 et
1591 1697 1688 1775 ultra,

464 1845 661 1918 latescente,
686 1832 829 1900 articulis
846 1828 1005 1894 diametro
1019 1817 1139 1908 &ipio
1154 1809 1370 1898 longioribus,
1395 1807 1537 1872 siccitate
1551 1821 1620 1867 non
1639 1799 1690 1864 al-

245 1960 398 2027 ternatim
419 1945 636 2039 compressis3
663 1962 768 2004 masaa
787 1937 918 1999 interna
938 1931 1064 1993 intense
1084 1920 1188 1999 luteo3
1220 1916 1340 1982 chartae
1362 1928 1451 1976 arcte
1472 1908 1628 1972 adhaeret.
1648 1909 1710 1957 -’

248 2047 417 2151 Conferre
430 2045 658 2122 rivularisFl.
676 2042 709 2110 d.
725 2042 811 2106 Tan
825 2050 905 2114 881,
937 2055 1008 2123 qvas
1032 2047 1161 2092 ramosa
1185 2022 1232 2086 ibi
1255 2020 1399 2097 sistitur,
1427 2039 1467 2078 ex
1489 2028 1598 2077 mente
1620 2010 1689 2075 Cel.

247 2165 421 2260 Agarddii
436 2159 479 2225 ad
492 2180 595 2241 genus
615 2148 654 2218 V
649 2147 823 2214 aurberioe
835 2139 997 2232 pertinet3
1018 2131 1160 2196 inferior
1180 2144 1290 2191 tamen
1312 2122 1431 2207 figura,
1457 2139 1528 2206 qvae
1551 2112 1692 2203 simplex

247 2293 281 2342 et
293 2267 459 2338 articulata
473 2262 604 2352 depicta
620 2272 685 2334 est,
711 2252 796 2316 hanc
814 2261 961 2312 nostram
978 2236 1070 2302 haud
1084 2231 1170 2297 male
1184 2228 1359 2320 exprimit3
1384 2223 1456 2288 duae
1472 2223 1541 2285 istae
1555 2217 1690 2310 plantae,

441 2371 510 2460 pite
525 2366 612 2431 sorte
627 2361 760 2427 fortuna
772 2350 973 2425 commixtae,
997 2339 1067 2408 Cel.
1083 2337 1293 2411 Mulierum,
1319 2330 1397 2394 alias
1419 2322 1688 2400 oculatissimum,

776 2473 948 2541 utramqve
970 2446 1012 2511 ad
1027 2465 1127 2509 unam
1139 2440 1282 2529 speeiem
1303 2434 1482 2524 pertinere.
1501 2461 1543 2480 ·-
1565 2427 1693 2491 Praete-

249 2610 311 2652 rea
327 2605 406 2646 cum
416 2579 505 2655 hac,
528 2575 567 2639 de
580 2596 640 2662 qva
653 2565 840 2657 loqvimur,
864 2555 935 2639 alga
947 2547 1149 2642 per-aliqvot
1173 2541 1245 2607 dics
1259 2534 1437 2627 aliquando
1457 2533 1492 2596 in
1508 2553 1591 2618 aqva
1604 2526 1695 2592 dulci

256 2702 386 2756 servata
395 2697 488 2760 esset,
505 2675 705 2742 interioribus
712 2662 912 2758 vasisvitrei‚
931 2660 1038 2746 iuqvo
1054 2650 1253 2725 servabatur,
1272 2631 1695 2727 lateribuspunctuiaqvae-

255 2793 334 2861 dam
348 2786 465 2857 viridia
476 2774 883 2868 affira'conspiciebantur‚
907 2786 1001 2854 qvae,
1020 2775 1056 2822 ut
1071 2771 1174 2835 erant,
1199 2743 1423 2836 microscopio
1434 2739 1612 2822 subjectae
1631 2731 1701 2797 lilia

253 2895 465 2971 brevissimis,
482 2886 669 2963 articulatis,
689 2879 790 2946 dilate
805 2868 977 2947 viridibus,
1003 2867 1165 2928 internam
1179 2857 1277 2942 huius
1292 2847 1369 2934 algae
1384 2844 1542 2912 fabricam
1559 2838 1697 2905 omnino

250 2999 498 3076 aemulantibus,
525 3010 676 3060 constare
691 2981 910 3051 cernebantur
924 2968 1013 3058 (ride
1029 2966 1181 3033 Tabs48.
1196 2963 1232 3025 B.
1249 2957 1304 3041 ὣς
1328 2967 1423 3018 erant
1436 2950 1536 3032 igitur
1549 2939 1702 3036 pullula-e

639 3118 678 3158 ex
699 3091 760 3154 hac
776 3100 885 3148 autem
907 3071 1137 3142 observatione
1158 3064 1322 3152 seqvimr,
1343 3053 1461 3121 utfilu
1483 3051 1582 3132 hujus
1604 3049 1697 3111 Con-

685 3194 726 3260 de
737 3186 879 3255 insanae
890 3179 1038 3254 eandem,
1053 3194 1151 3264 qvam
1165 3166 1221 3231 iila
1234 3163 1391 3247 deinceps
1404 3151 1582 3220 crescendo
1599 3148 1697 3214 elon-

859 3288 883 3354 d
896 3281 1103 3352 latitudinem
1117 3273 1266 3338 habeant·
1272 3279 1471 3335 mensuram,
1495 3251 1699 3338 eandemque

1104 3374 1287 3444 Conservis:
1302 3365 1413 3435 valere
1432 3361 1575 3452 opinor,
1597 3377 1698 3445 qvare

1146 3498 1195 3546 ast
1208 3476 1408 3548 tenuiorem,
1431 3488 1496 3558 pro
1519 3477 1603 3527 statu
1629 3461 1698 3543 ejus

249 1749 329 1842 qvid
344 1746 456 1824 video,

245 1858 441 1929 fluctuante,

240 2382 277 2476 in
294 2402 361 2444 uno
377 2397 440 2439 caes

243 2482 343 2551 iacile
355 2472 554 2569 persuadere
570 2464 755 2559 potuerint,

252 3112 344 3196 gines
360 3107 459 3189 hujus
473 3100 614 3191 speciei,

255 3217 355 3282 ierrae
369 3209 473 3276 statim
491 3229 509 3268 a
526 3204 634 3295 prima
648 3200 683 3262 in

257 3336 329 3405 gata
343 3334 508 3404 nunquam
520 3331 591 3373 non
605 3314 746 3377 servant,
772 3315 858 3384 qvou

255 3420 466 3489 articulorum
479 3387 740 3495 longitudinem
764 3397 854 3463 idem
868 3391 910 3457 de
929 3386 1083 3455 omnibus

253 3527 454 3596 Conservam
471 3514 652 3610 qvondam,
677 3507 820 3597 cuipiam
835 3498 890 3563 alii
905 3489 1121 3564 simillimam,

252 3633 395 3719 juniori,
420 3626 476 3695 rel
499 3621 693 3688 crassiorem
713 3635 778 3702 pro
800 3622 885 3672 statu
907 3595 1052 3683 ejusdem
1073 3587 1229 3654 adultiori
1250 3578 1434 3653 declarare,
1458 3569 1566 3635 minus
1588 3580 1701 3652 aptum

251 3737 404 3816 videtum
427 3749 477 3796 est
488 3729 561 3793 haec
572 3721 696 3791 locutio
715 3737 792 3798 vaga
808 3710 920 3785 notio,
944 3725 1014 3787 non
1029 3689 1256 3769 admittenda,
1273 3684 1403 3761 tenuior
1416 3699 1496 3742 vero
1512 3669 1646 3759 specics,
1672 3665 1700 3728 si
1754 3723 1756 3730 χ

256 3844 468 3910 observatur,
492 3855 556 3924 pro
575 3828 727 3893 distincta
742 3816 851 3908 specie
875 3807 927 3880 vel
944 3804 1058 3872 saltem
1079 3820 1144 3888 pro
1166 3792 1331 3861 Varietate
1351 3780 1483 3872 potius,
1504 3797 1557 3840 me
1579 3767 1705 3854 judice,

256 3943 409 4013 habenda
423 3958 483 4006 est.
506 3968 548 3985 -·
569 3935 703 4001 Veteres
717 3916 889 3999 huicalgee
905 3912 946 3998 (si
962 3907 1041 3971 alias
1058 3897 1241 3974 conserva,
1265 3894 1357 3973 cujus
1378 3882 1517 3949 Plinius
1538 3876 1617 3940 hist.
1634 3889 1703 3936 nat

255 4050 282 4117 l·
298 4063 351 4124 27.
367 4073 396 4114 c.
410 4059 442 4119 8.
458 4040 623 4115 meminit,
645 4033 743 4114 hujus
758 4042 806 4091 est
821 4020 887 4088 1οοί
895 4044 908 4099 3
930 4012 982 4079 lll.
1006 4002 1226 4095 Spreugeliua
1251 3996 1338 4061 Hist.
1359 3990 1408 4054 rci
1432 3982 1527 4050 berb.
1549 3981 1587 4045 Ρ.
1612 3991 1641 4049 1.
1665 4001 1703 4067 p.

256 4164 334 4230 206·
348 4176 421 4220 eam
435 4148 480 4214 ad
492 4140 700 4232 Cnnfervmn
713 4132 943 4222 glomeratam
959 4109 1073 4193 trahit)
1099 4130 1173 4173 ossa
1192 4105 1346 4167 humana·
1357 4083 1630 4159 fracta-medendi
1644 4103 1705 4156 sa-

259 4260 427 4348 nandiqve
441 4255 509 4320 vim
522 4247 759 4315 attribuerunt,
784 4253 881 4322 qvem
894 4228 930 4289 in
945 4218 1045 4286 linem
1068 4213 1154 4277 hanc
1168 4207 1324 4299 'plantam
1344 4196 1495 4266 cruribus
1518 4185 1703 4255 brachiisve

261 4363 422 4432 diffractis
435 4355 613 4441 alligatam,
634 4365 717 4437 aqva
730 4333 900 4428 freqvcnti'
910 4317 1117 4392 irrorantiam
1131 4326 1306 4390 curarunt3
1329 4298 1399 4371 clm
1414 4293 1509 4369 Plin.
1522 4295 1546 4357 l:
1562 4311 1590 4355 c.
1638 4283 1705 4351 As-

258 4465 481 4538 firmatetiam
493 4471 609 4527 nostro
625 4469 774 4539 tempore
787 4444 866 4508 Rer-
886 4434 943 4502 W
940 4426 1124 4521 ulfeuiua,
1143 4419 1220 4507 (cfr.
1239 4416 1356 4502 Crppt.
1372 4418 1494 4494 aqvac·
1506 4399 1551 4478 in,
1562 4407 1705 4457 annota-

259 4578 355 4644 tione
366 4569 429 4636 sub
441 4549 787 4634 bondenum-iverim),
812 4567 848 4611 se
865 4538 999 4621 ,novisse
1014 4526 1209 4600 foeminam,
1235 4539 1330 4611 (με.
1345 4531 1421 4594 mm
1442 4498 1615 4566 brachium
1639 4493 1707 4557 bu-

262 4699 335 4769 tyro
352 4672 513 4742 bulliente
529 4666 618 4734 adeo.
629 4655 870 4728 oonbusioa,
886 4662 924 4714 at
936 4624 1175 4706 maun-inte
1186 4620 1270 4684 catis
1295 4609 1499 4692 decuriatum
1520 4617 1618 4684 esset,
1639 4597 1707 4661 hu-

265 4788 319 4868 jes
515 4747 1120 4876 lbaoiculoe,enpressapriusaqva1‚»
1346 4717 1354 4732 ’
