4525 5842
897 396 1183 511 saaraim.
1566 464 1568 467 .
1801 426 1881 479 m

147 592 636 715 intemavellu'ndo,
668 620 722 690 ut
737 594 843 689 aliae
858 594 1039 714 herbae,
1070 597 1157 692 sed
1182 605 1234 690 in
1258 622 1465 708 exuuma
1487 599 1748 726 superficie
1776 629 1934 724 reqvo-

148 747 237 857 ris,
270 747 398 866 prati
415 748 585 860 instar,
618 765 816 836 natator
835 744 1123 838 animalibus
1145 746 1270 836 infra
1286 746 1685 839 concursantibus
1702 744 1929 839 alimento

141 892 350 980 inservit
358 922 372 999 3
420 888 519 981 hoc
545 894 653 1014 ipso
681 888 875 982 sedatur
899 921 1058 1005 marc,
1104 913 1151 982 et
1183 890 1406 984 fluctibus
1432 889 1676 983 suffocatis
1707 911 1933 1016 pacatum

143 1031 355 1126 evadit”
398 1085 456 1118 -
489 1030 793 1127 Animalibus
821 1057 979 1125 autem
1002 1067 1104 1127 non
1130 1058 1315 1131 tantum
1339 1038 1590 1160 aquaticis,
1634 1034 1720 1126 sed
1743 1056 1931 1159 qvoqve

145 1176 430 1272 domesticis
444 1178 673 1271 alimento
689 1183 971 1291 inserviunt3
1005 1210 1117 1269 nam
1132 1184 1441 1307 inNorvegia
1465 1203 1514 1272 et
1533 1179 1700 1274 insulis
1716 1184 1933 1269 famen·

147 1324 284 1415 sibus
306 1330 416 1450 eqvi
435 1355 666 1449 ovesqve,
697 1329 812 1449 quin
831 1328 974 1416 etiam
994 1329 1046 1414 in
1067 1323 1335 1453 graminum
1350 1324 1662 1442 abundantia,
1693 1322 1757 1417 ad
1769 1321 1934 1414 littora

148 1499 277 1595 saepe
293 1467 520 1562 festinare
541 1491 817 1584 cernuntur,
855 1492 910 1559 ut
931 1469 1214 1563 nonnullas,
1249 1471 1421 1594 qvibus
1442 1470 1581 1565 avide
1607 1491 1865 1564 vescuntur
1884 1487 1933 1558 et

143 1611 460 1728 delectantur,
489 1617 584 1706 sibi
602 1636 813 1740 qvaerant
832 1612 980 1742 algas3
1014 1643 1125 1706 nam
1143 1639 1343 1741 propter
1361 1614 1525 1730 salem,
1547 1648 1687 1741 qvem
1706 1615 1778 1705 ba
1794 1613 1934 1738 plan-

152 1781 213 1849 tae
237 1762 290 1846 in
314 1792 368 1852 se
389 1757 590 1850 multum
613 1757 802 1871 forent,
849 1786 879 1847 a
896 1764 1155 1883 pecoribus
1184 1782 1420 1873 amantum
1466 1783 1738 1853 attestante
1759 1752 1934 1883 Ltghr-

130 1904 337 2029 footio,
381 1937 563 2030 pecora
584 1908 637 1993 in
659 1901 825 1995 insulis
849 1903 1143 1995 Hebridibus
1173 1903 1344 1998 eodem
1367 1937 1453 2009 esu
1482 1927 1698 2031 tempore
1719 1898 1933 2029 hyemali

146 2052 445 2163 nutriuntur,
492 2055 612 2173 qvin
646 2052 791 2140 etiam
821 2048 1092 2171 cervi'post
1123 2070 1428 2176 tempestates
1458 2048 1620 2142 littora
1650 2073 1815 2175 petere
1840 2050 1932 2138 visi
2041 2138 2044 2143 ,

145 2214 280 2307 sunt,
333 2193 463 2286 hunc
491 2227 628 2286 esum
647 2190 887 2318 qvaerendi
917 2199 1127 2310 causa*).
1157 2248 1214 2264 -
1235 2197 1490 2311 Praeterea,
1530 2189 1934 2319 quemadmodum

133 2335 323 2462 ‚plantae
337 2338 711 2466 Phanerogamae
733 2344 833 2429 aeri
851 2337 1250 2464 athmosphaerico
1273 2343 1525 2469 purgando
1548 2344 1829 2451 inserviunt,
1862 2340 1933 2427 sic

137 2483 296 2611 Aiga,
323 2507 445 2576 teste
464 2480 631 2576 saltem
647 2481 748 2574 Cel.
766 2484 1022 2606 Prirtleyo,
1054 2481 1184 2575 idem
1199 2481 1424 2601 efficiunt,
1455 2490 1611 2615 gurim
1629 2485 1930 2612 oxygonium,

140 2628 246 2721 sub
275 2658 397 2753 aqva
423 2627 516 2720 soli
534 2633 782 2753 exposita,
825 2631 1091 2719 emittentes
1100 2663 1115 2742 3
1158 2650 1296 2751 atqve
1321 2633 1371 2717 in
1395 2637 1584 2722 sosine
1609 2626 1762 2718 dubio
1788 2655 1933 2716 carna

148 2770 406 2896 qvaerenda
433 2796 523 2887 est,
543 2806 644 2869 ,cur
664 2802 795 2898 aqvae
815 2795 1109 2901 stagnantes,
1145 2774 1316 2898 qvibus
1346 2772 1595 2866 Confervae
1621 2777 1933 2863 innascuntur

148 2938 234 3009 aut
254 2915 366 3009 datr
391 2917 542 3044 operit
559 2922 896 3020 immittuntur,
942 2949 971 3009 a
990 2923 1302 3045 corruptione
1322 2942 1549 3013 maneant
1573 2917 1753 3011 aliena.
1791 2970 1848 2990 -
1874 2916 1935 3003 In
2053 2936 2059 2940 ’

136 3061 269 3154 locis
292 3063 525 3179 humidis,
569 3081 671 3188 quaa
698 3066 1015 3177 exsiccantur,
1065 3062 1225 3187 plures
1252 3064 1598 3155 Conservamm
1628 3068 1813 3186 species
1836 3065 1935 3185 pri·

148 3238 235 3298 ma
251 3231 362 3299 stmt
383 3209 696 3339 vegetabilis,
736 3242 836 3333 qvas
860 3228 1077 3332 tempore
1101 3203 1284 3300 vernuli
1309 3236 1335 3297 e
1364 3209 1547 3334 gremio
1572 3227 1705 3296 terrae
1733 3203 1934 3297 elicium

137 3373 245 3467 rur,
299 3385 449 3478 eaque
481 3355 644 3448 herbis
674 3352 959 3477 majoribus,
1017 3384 1116 3476 qvas
1149 3346 1324 3443 deinde
1357 3348 1592 3476 paulatim
1625 3350 1930 3476 proveniunt,

143 3500 278 3589 viam
297 3497 526 3592 idoneam
551 3521 786 3614 sternunt,
825 3496 1000 3624 partim
1023 3530 1132 3589 cum
1152 3495 1360 3621 reliqviae
1384 3525 1547 3589 earum
1568 3500 1831 3623 caespitosae
1853 3525 1933 3615 ξομ

143 3639 250 3734 lum
277 3667 499 3737 terrestre
523 3636 818 3763 obducentes
846 3643 1007 3735 herbis
1032 3643 1254 3735 tenuibus
1280 3639 1404 3733 infra
1427 3639 1774 3765 pullulantibus
1798 3663 1933 3766 tegu-

135 3811 366 3880 -mentum
390 3795 661 3916 prebeant,-
688 3794 862 3918 partim
888 3821 996 3881 cum
1013 3786 1254 3878 dissolutae
1272 3789 1323 3874 in
1342 3783 1507 3876 limum
1528 3794 1710 3899 abeunt,
1744 3788 1823 3912 qvi
1840 3806 1932 3875 ter-

142 3962 254 4023 ram
276 3931 558 4040 fertiliorem
578 3934 750 4029 reddit
792 3990 847 4011 «-
878 3937 935 4023 In
962 3936 1094 4057 aqvis
1119 3929 1344 4023 dulcibus
1373 3929 1435 4022 ad
1461 3928 1634 4021 turlam
1657 3916 1932 4056 producen-

143 4074 263 4168 dam
282 4085 548 4206 praeprimis
564 4082 769 4192 firinati
803 4109 946 4205 qvare
966 4109 1060 4202 qvo
1080 4079 1230 4204 magis
1249 4071 1307 4166 ei
1324 4073 1579 4169 foveantur
1596 4078 1848 4193 homines,⁸
1869 4103 1929 4166 eo

137 4227 312 4314 :minus
327 4222 429 4318 haec
443 4227 621 4352 planta
639 4229 882 4320 contemni
906 4243 1159 4315 merentur.
1195 4272 1249 4291 -
1276 4223 1398 4311 Sunt
1420 4224 1584 4334 etiam,
1620 4248 1719 4344 qva
1741 4215 1802 4308 ad
1823 4217 1933 4310 sun-

144 4365 269 4491 dum
300 4378 444 4461 maris
481 4371 715 4496 paulatim
756 4369 1040 4483 elevandum
1077 4370 1176 4461 vim
1213 4365 1444 4476 habeant3
1501 4368 1570 4455 sic
1586 4420 1591 4429 =
1610 4365 1929 4456 Orcillatoria

148 4512 548 4637 cbtbonoplaster
563 4508 777 4607 ¹'insulam
801 4518 1019 4640 pariam,
1071 4511 1241 4604 sabulo
1266 4508 1357 4602 filis
1387 4510 1483 4611 suls
1509 4505 1704 4600 lubricis
1727 4530 1927 4626 retent0,

146 4648 942 4786 temporisd'ecursuformavitl‘l)⁴

211 4869 238 4949 *l
283 4869 409 4955 Lighrf.
434 4868 486 4935 ΕΙ.
511 4889 591 4938 scot.
616 4877 657 4962 p.
680 4878 753 4948 906.

191 4979 235 5063 '')
281 4976 587 5070 HofmannBaag
609 4981 659 5047 De
680 5005 742 5050 usu
763 4980 1003 5047 Conseruarum
1023 4977 1059 5042 in
1080 5000 1150 5044 uec.
1171 4994 1295 5044 natura
1315 5000 1351 5069 p.
1371 4986 1422 5051 17.

1447 5109 1533 5187 (θ’)
