4525 5842
623 306 673 381 72
808 294 980 369 8ΕοΠο
1004 231 1240 366 sacimas.
1298 285 1609 364 GAsTRmIUM
1631 229 1670 365 dt
1691 292 1911 366 CHORDA:

573 507 726 577 Habitat
737 511 775 577 in
792 508 901 578 fluvio
916 508 1042 597 rapido
1058 525 1173 597 prope
1189 502 1395 595 Reikjavik‚
1420 508 1459 574 in
1483 502 1566 572 lacu
1588 505 1838 596 Thingevalle‚
1859 506 2004 598 aliisqve
2030 504 2151 578 fluviis

574 641 793 734 lacubusque
808 640 972 709 lslandise
986 643 1147 731 copiose‘,
1172 639 1334 708 Hoolser.
1361 675 1410 693 -
1436 638 1478 708 ln
1493 621 1705 707 fluminibus'
1715 638 1913 731 Lapponiae
1938 642 2053 731 magis
2082 663 2153 731 pa-

576 777 684 845 cificis
703 776 880 865 lapidibus
895 776 1106 864 senescens,
1144 770 1408 866 Wablenherg.
1917 761 1924 774 '

620 937 745 1003 DESC.
791 936 896 1002 Radix
911 935 1012 1002 callus
1026 960 1157 1026 parvus.
1204 936 1312 1002 Frons
1330 935 1494 1018 gregaria,
1516 951 1581 998 tres
1595 930 1731 1022 pollices
1756 933 1799 999 ad
1813 933 1925 1026 plures
1947 935 2050 1026 pedes
2076 935 2154 1003 lon-

709 1065 767 1125 ga,
791 1042 862 1106 basi
877 1040 919 1104 ad
936 1039 1140 1104 altitudinem
1155 1039 1247 1104 lineae
1261 1063 1361 1130 supra
1382 1037 1527 1103 radicem
1549 1053 1731 1118 attenuata,
1756 1062 1834 1102 mox
1861 1041 1967 1105 subito
1991 1040 2151 1121 obtusam,

709 1144 861 1235 aeqvalis,
885 1168 1028 1235 pennam
1039 1144 1242 1232 passerinam
1258 1161 1290 1208 et
1305 1141 1390 1207 ultra
1411 1166 1537 1221 crassa,
1562 1139 1757 1232 plcinmqve
1781 1143 1825 1209 cb
1836 1145 2033 1209 'tenuitatem
2059 1169 2154 1211 com-

708 1273 839 1339 pressa,
864 1251 956 1339 apice
975 1249 1169 1327 incrassata,
1197 1246 1331 1313 clavata.
1379 1247 1519 1311 Fructus
1535 1246 1666 1312 Semina
1690 1245 1788 1326 nuda,
1815 1248 2002 1313 substantia
2026 1249 2153 1317 frondis

709 1352 896 1419 inordinate
918 1353 1080 1417 immersa.
1124 1350 1227 1418 Color
1249 1350 1351 1415 dilute
1372 1349 1505 1431 viridis3
1528 1351 1564 1415 in
1591 1353 1858 1416 statu'cxsiceatc
1885 1350 2031 1417 colorem
2053 1357 2153 1422 moda

712 1458 928 1522 virescentem
939 1459 975 1520 in
989 1456 1101 1520 charta
1116 1454 1284 1545 relinquit.
1330 1455 1517 1521 Substantia
1531 1455 1715 1534 tenerrima,
1733 1472 1774 1535 et,
1792 1458 1934 1545 exceptis
1949 1457 2088 1524 maculis
2103 1484 2153 1524 se-

711 1561 873 1626 miniieris
888 1559 1060 1638 viridibus,
1079 1576 1147 1624 tota
1162 1559 1303 1649 hyalina
1328 1557 1577 1641 subgclatinosa,
1591 1559 1652 1623 sub
1668 1557 1754 1636 lente
1774 1582 1843 1624 non
1856 1560 2035 1649 reticulata.
2085 1565 2153 1630 An·

712 1689 788 1729 nua.
837 1662 966 1729 Chartae
987 1664 1165 1728 arctissime
1180 1662 1334 1727 adhaeret.

626 1813 720 1879 OBS.
768 1817 857 1879 luter
872 1820 957 1878 hane
973 1830 1005 1876 et
1021 1813 1260 1903 praecedentem
1277 1834 1393 1895 magna
1405 1811 1551 1876 affinitas.
1594 1811 1826 1877 Discernenda*
1843 1830 1950 1879 tamen
1964 1815 2015 1881 hae
2030 1822 2152 1907 species

716 1918 888 1997 videntum
920 1915 975 1980 illa
997 1918 1101 1995 enim,
1132 1932 1211 1980 teste
1235 1917 1376 1995 Belleia,
1406 1917 1467 1980 sub
1491 1913 1577 1980 lente
1599 1933 1647 1980 est
1669 1914 1857 1997 reticulata,
1883 1918 2154 2007 qvadrangulataa

715 2021 785 2087 baee
799 2044 878 2087 vero
893 2019 1013 2085 fronde
1027 2017 1147 2104 gaudet
1165 2022 1300 2087 omnino
1314 2018 1463 2111 hyalina,
1486 2043 1556 2084 non
1578 2015 1765 2100 reticulata,
1791 2043 1862 2111 qvae
1884 2041 2042 2112 praeterea
2064 2030 2153 2118 apice

718 2125 843 2198 clavata
856 2143 915 2190 est.

388 2325 479 2397 Tab.
499 2336 557 2407 18.
610 2385 614 2394 .
659 2335 696 2405 8.
747 2325 795 2394 G.
808 2321 938 2410 ovale;
962 2322 1093 2393 froude
1114 2320 1443 2410 uadoso-inflata,
1466 2321 1575 2411 ovali,
1600 2321 1769 2413 simplici,
1791 2311 2020 2396 tenacissima.

586 2490 740 2560 Habitat
755 2492 800 2561 ad
815 2491 979 2562 infimum
991 2490 1151 2559 refluxus
1165 2488 1317 2560 limitem
1330 2488 1460 2558 littoris
1477 2489 1699 2581 Faeroensis‚
1720 2500 1763 2562 ut
1778 2494 1824 2563 ad
1842 2493 1988 2588 Qvivig‚
2011 2495 2156 2593 Hip-sig

587 2619 673 2714 dte,
697 2625 848 2717 rupibus
863 2627 1038 2697 tenaciter
1055 2624 1314 2695 adhaerescens.

632 2784 757 2850 DESC.
804 2786 907 2850 Radix
931 2787 1056 2865 exigua.
1102 2782 1253 2848 Frondes
1276 2783 1446 2865 gregaria,
1471 2782 1513 2848 ad
1535 2784 1630 2848 basin
1655 2805 1849 2871 angustata,
1872 2814 1949 2857 mox
1970 2793 2007 2857 in
2031 2799 2158 2863 seminis

720 2886 797 2954 Pisi
810 2888 911 2951 sativi
922 2886 1182 2969 magnitudinem
1195 2887 1453 2966 intumescentes,
1475 2886 1555 2952 duas
1572 2906 1677 2955 tresve
1692 2889 1793 2958 lineas
1805 2895 1933 2960 circiter
1948 2895 2067 2982 longae,
2090 2903 2158 2991 api-

722 3012 759 3053 ce
774 2991 917 3070 obtusae,
943 2993 1029 3055 intus
1043 3014 1148 3056 massa
1161 3013 1281 3080 aqvosa
1295 2989 1504 3058 vindescente
1520 2967 1653 3082 iepletae
1662 3041 1671 3073 ,
1694 2995 1832 3087 ideoqve
1850 2997 2005 3066 distentae.
2055 3006 2159 3071 Fruc-

721 3108 773 3156 tus
800 3095 996 3177 incognitus.
1052 3094 1155 3161 Color
1184 3094 1310 3160 viridis.
1369 3093 1556 3159 Substantia
1584 3098 1845 3183 membranacea,
1882 3129 1951 3172 non
1972 3106 2157 3190 gelasiana,

721 3195 781 3263 sed
793 3221 857 3287 pro
873 3200 1027 3276 tenuitate
1043 3199 1254 3276 tenacissima,
1272 3197 1332 3262 sub
1345 3194 1432 3263 lente
1450 3200 1663 3268 minutissime
1678 3221 1843 3293 punctata.
1867 3209 2009 3277 Aestate.
2034 3213 2159 3279 Charta

723 3324 793 3366 non
810 3300 965 3365 adhaeret.

639 3449 730 3516 OBS.
779 3447 922 3535 Qvandc
938 3447 1126 3538 arupibus,
1153 3451 1270 3540 quibus
1290 3451 1491 3517 tenacissime
1507 3456 1693 3538 adhaerent,
1716 3457 1822 3527 cultro
1841 3461 1893 3528 vel
1908 3463 2006 3530 simili
2022 3469 2161 3556 qvodam

726 3554 942 3617 instrumento
960 3549 1179 3632 divelluntur,
1203 3555 1240 3618 in
1256 3578 1338 3644 aqva
1356 3555 1414 3620 diu
1430 3557 1594 3646 spiraliter
1612 3579 1824 3652 torqventn1·‚
1849 3566 1931 3633 adeo
1955 3589 1993 3653 ut
2014 3577 2160 3639 manibus

616 3739 621 3744 1
686 3731 688 3736 .
726 3656 887 3746 captaturi
906 3654 1058 3720 facillime
1084 3655 1264 3722 elabantur.
1308 3660 1415 3724 Massa
1440 3663 1567 3726 interna
1589 3685 1758 3748 evacuata,
1785 3668 1920 3737 frondes
1945 3674 2161 3758 collabuntur,

726 3778 760 3825 et
781 3783 866 3849 sape
893 3758 1023 3848 hyalina
1052 3779 1222 3852 apparent.
1267 3761 1321 3830 Ad
1346 3762 1466 3830 insulas
1492 3769 1679 3836 Faeroenses
1703 3796 1772 3838 non
1795 3775 1858 3838 nisi
1878 3797 1991 3865 parvae
2013 3780 2161 3862 evadunt,

726 3863 786 3928 sed
800 3860 997 3954 exemplaria
1012 3865 1080 3930 vidi
1100 3867 1135 3931 in
1148 3867 1302 3933 herbario
1318 3867 1387 3933 Cel.
1408 3867 1548 3950 Vettii,
1573 3898 1612 3938 ex
1627 3872 1734 3940 insula
1757 3875 1803 3941 St.
1818 3878 1933 3947 Crucis
1957 3881 2071 3966 allata,
2096 3909 2163 3978 qva

725 3991 825 4034 ovum
837 3967 1062 4036 columbinum
1076 3969 1301 4056 magnitudine
1322 3991 1528 4062 exsuperant.

1207 4203 1549 4231 ·····-·-·—-—--

1098 4422 1222 4560 xn.
1305 4423 1662 4559 enatans.

651 4593 736 4647 Frons
755 4609 841 4661 teres,
859 4598 1005 4664 sabulosa,
1026 4601 1237 4676 simplicissima.
1273 4604 1384 4660 Semina
1403 4605 1477 4661 nuda
1499 4605 1529 4662 in
1545 4629 1627 4665 muco
1648 4608 1775 4667 frondem
1794 4615 1933 4674 ambiente
1950 4616 2118 4690 nidulantia.

405 4761 574 4845 Tab.18.'
700 4771 734 4839 1.
786 4758 848 4832 ct.
863 4763 1012 4854 Filum3
1037 4764 1167 4866 fronde
1182 4778 1319 4862 terete,
1342 4768 1618 4868 simplicissima,
1646 4741 1816 4873 utrinqne
1829 4790 2022 4875 attenuata,
2042 4808 2171 4860 senec-

600 4901 679 4965 tute
698 4894 828 4988 spirali.
