4525 5842
414 408 506 462 x.
606 328 609 333 Δ
962 358 964 362 ‘
1111 378 1427 472 PRAEFATIO„

362 617 473 682 cum
498 581 598 677 Cel.
619 585 876 749 Hofmann
899 584 1134 708 Bangio
1119 603 1210 674 rter
1232 586 1284 670 in
1308 582 1354 671 N
1357 609 1598 705 orvegram
1619 574 1778 671 facere
1803 574 1921 666 milri
1942 555 2140 668 'succes-

360 736 495 846 serit,
539 732 591 818 in
617 760 709 852 qvo
737 730 840 852 ipse
863 724 1026 818 littora
1048 725 1189 846 hujus
1222 731 1358 853 regni
1388 722 1450 814 ad
1472 719 1723 815 meridiem
1745 727 2011 848 vergentia,
2050 724 2138 809 im·

358 880 526 1005 primis
553 877 678 967 inter
703 870 887 996 oppida
902 869 1113 962 Areadal
1136 893 1183 962 et
1201 851 1364 961 Oster-
1364 871 1554 979 Riisoer
1570 870 1681 980 sita,
1712 899 1789 958 me
1813 868 2139 993 investigatio·

359 1056 476 1112 num
495 1023 632 1113 socio
664 1038 895 1127 assumto,
915 1013 1258 1149 perlustravit
1298 1015 1450 1136 iisqne
1479 1011 1841 1105 excursionibus
1863 1006 2140 1100 Thalassio·

359 1166 511 1332 phyta
525 1167 596 1256 ibi
616 1163 761 1254 obvia
769 1138 1061 1288 diligenter
1048 1163 1333 1286 rnvestigata
1354 1179 1489 1270 sunt,
1511 1178 1558 1247 et
1575 1155 1816 1249 nonnuttae
1838 1159 1982 1246 etiam
2001 1185 2138 1246 novae

361 1314 547 1439 species
569 1306 819 1434 indagata.
889 1308 1029 1396 Hoc
1016 1306 1186 1399 ttinere
1205 1323 1426 1427 peracte,
1464 1332 1574 1392 cum
1593 1297 1790 1398 domum
1806 1331 2047 1392 reversum
2068 1329 2139 1391 es·

362 1480 436 1549 set
473 1478 520 1547 et
559 1450 906 1575 descriptiones
945 1452 1162 1572 inceptas
1202 1450 1502 1570 systematice
1537 1445 1793 1569 dispositas
1832 1448 2135 1575 peregissent,

356 1594 988 1707 commentationemillam,
1026 1592 1477 1689 cuiinscribebatur
1496 1580 2136 1753 Tancomenolgologicum‘,

358 1776 572 1840 unacum
603 1738 1008 1832 delineationibus
1047 1736 1109 1828 ad
1135 1740 1511 1829 Universitatern
1539 1730 1849 1827 Hafniensenr
1882 1737 2013 1848 misi,
2076 1731 2138 1827 ad

358 1891 626 2021 praemium
655 1888 944 2009 expositum,
979 1886 1030 1973 si
1055 1879 1249 1973 forsita
1277 1877 1459 1991 tulerit,
1496 1875 1812 1975 obtinendum
1838 1900 2138 1979 concertatu-

356 2071 453 2130 rus.
522 2034 639 2125 Voti
665 2033 809 2120 etiam
832 2038 1033 2152 compos
1053 2024 1249 2135 fiebam3
1288 2021 1466 2117 accidit
1487 2027 1634 2138 enim,
1670 2042 1765 2113 ιιι
1752 2020 1815 2111 ad
1840 2023 2022 2117 natales
2045 2028 2137 2120 Re·

363 2189 433 2312 gis
464 2179 617 2271 nostri
652 2172 1006 2267 clementissimi
1044 2189 1196 2291 1817
1187 2169 1431 2262 brabaeum
1468 2200 1526 2295 ex
1553 2170 1791 2261 sententia
1827 2192 2134 2290 reportarem.

361 2334 424 2419 At
442 2328 569 2431 enim
587 2350 726 2432 vero,
763 2349 873 2417 cum
892 2322 943 2406 in
967 2313 1287 2442 Hydropbyta
1312 2317 1499 2403 animus
1522 2315 1618 2432 jam
1641 2335 1742 2405 erat
1765 2314 1998 2447 intentus,
2030 2347 2136 2407 om·

361 2462 504 2575 nibus
533 2462 846 2591 posthabitis,
880 2464 1044 2575 statui,
1088 2479 1246 2550 aestate
1271 2462 1479 2549 irruente
1505 2462 1594 2549 iter
1623 2456 1947 2587 algologicum
1979 2461 2078 2563 ad
2066 2495 2137 2551 111-

362 2615 488 2711 sulas
515 2616 782 2701 Faeroenses
808 2610 1095 2733 suscipere3
1121 2601 1303 2696 credidi
1334 2606 1461 2694 enim
1492 2599 1554 2692 ad
1580 2600 1743 2694 littora
1766 2602 1949 2696 harum
1962 2594 2136 2696 insula-

358 2795 487 2900 rum,
525 2790 623 2881 qvae
641 2759 693 2842 in
707 2774 843 2861 vasto
864 2782 1049 2842 oceano
1069 2771 1167 2839 tarn
1187 2747 1398 2839 solitarie
1425 2770 1471 2837 et
1493 2779 1520 2836 a
1539 2751 1697 2873 patria
1713 2771 1810 2839 tam
1836 2772 2017 2841 remote
2037 2755 2134 2844 sitae

363 2891 489 3009 sunt,
525 2900 667 3026 Algas
693 2887 950 2986 abundare
967 2916 1013 2984 et
1034 2887 1291 2983 nonnullas
1317 2889 1481 2982 forsan
1504 2924 1656 2983 novas
1683 2891 1838 3011 hujus
1849 2893 2001 2985 tribus'
2027 2929 2138 3020 spe·

364 3055 460 3146 cies
482 3047 552 3136 ibi
577 3073 678 3134 esse
706 3036 1037 3148 inveniendas3
1079 3069 1172 3160 qvo
1202 3036 1288 3125 ubi
1316 3040 1658 3199 pervenissem,
1697 3037 1823 3128 hanc
1846 3036 2003 3156 menni
2022 3072 2139 3133 con·

363 3170 593 3319 jacturam
604 3172 794 3278 haud
781 3212 976 3311 inanem
996 3179 1183 3272 fuisse
1171 3182 1354 3290 inveni;
1394 3190 1576 3308 magnae
1608 3186 1736 3271 enim
1762 3148 2137 3315 Thalassiophy·

364 3358 523 3432 torum
553 3331 777 3426 cohortes
803 3302 1003 3451 rupibus
1027 3322 1339 3417 adnascentes
1367 3325 1518 3416 oculis
1546 3324 1916 3444 objiciebantur,
1949 3334 1996 3422 et
2017 3363 2141 3456 prae⁴

365 3475 657 3598 ter-majores
675 3477 849 3586 Fucos,
889 3476 1093 3594 q'vorum'
1114 3466 1335 3561 nonnulli
1360 3473 1411 3557 in
1431 3473 1712 3562 immensam
1733 3470 1918 3570 molem
1931 3478 1983 3564 in
2009 3479 2138 3573 sinu*

363 3630 453 3717 bus
469 3623 869 3730 ibi.excrescunt,
900 3614 1061 3741 plures
1084 3612 1432 3706 Confervarum
1457 3617 1668 3739 species,
1702 3617 1766 3707 ad
1786 3616 1950 3710 littora
1973 3619 2138 3748 Angli*

361 3794 431 3865 c'a·
448 3767 704 3861 recentiori
725 3784 942 3886 tempore
973 3752 1172 3885 repertae
1188 3781 1252 3851 et
1278 3761 1374 3878 jam
1397 3761 1467 3851 ibi
1490 3756 1769 3887 divulgatae,
1808 3762 2051 3889 profunda
2073 3769 2138 3857 si»
2208 3837 2212 3843 .

359 3937 515 4010 nuum
540 3907 726 4032 replere
758 3906 984 3998 etlatera
1009 3908 1202 4028 rupium
1227 3903 1449 3995 fluctibns
1485 3908 1793 4032 agitatissima
1825 3906 2066 4003 obducere
2090 3933 2137 4002 et

362 4048 689 4167 condecorare
718 4051 1054 4160 cernebantur3
1085 4047 1320 4142 nonnulla
1343 4052 1486 4141 etiarn
1507 4082 1636 4143 nova
1655 4051 1994 4179 Hydrophyta,
2035 4088 2134 4179 qva

362 4207 489 4297 Viris
516 4199 835 4314 celeberrimis
870 4217 916 4286 et
938 4196 1365 4319 perspicacissimis
1390 4198 1449 4288 N.
1474 4192 1675 4288 Muluio
1706 4221 1753 4292 et
1775 4200 2011 4304 Landtr'o,
2056 4205 2137 4325 qvi

363 4350 551 4478 plantas
571 4349 836 4436 Faeroenses
860 4338 1113 4469 diligenter
1135 4339 1559 4464 investigaverunt,
1590 4364 1759 4468 utpote
1781 4349 2136 4472 microscopica
2166 4425 2169 4428 ,

361 4512 470 4589 sese
488 4486 834 4601 subduxerant,
878 4480 1140 4611 indagandi
1170 4504 1217 4573 et
1249 4481 1522 4576 delineandi
1553 4486 1624 4576 ibi
1641 4491 1952 4613 praebebatur
1974 4496 2134 4617 capiar

362 4632 540 4734 Isthi'nc
562 4632 774 4726 Daniam
803 4631 1022 4743 tendens,
1070 4660 1213 4753 qvum
1241 4630 1613 4754 tempestatibus
1635 4635 1686 4723 in
1710 4658 1904 4758 portum
1929 4638 2135 4729 Svinber

363 4806 520 4915 prope
543 4776 817 4870 Lindesnaes
844 4778 1095 4901 Norvegiae
1111 4777 1259 4865 navis
1288 4773 1488 4900 depulsa
1515 4800 1658 4891 esset,
1702 4781 1755 4867 in
1777 4778 1965 4905 plantas
1990 4785 2135 4902 hujus

364 4963 473 5047 orae,
496 4930 752 5025 occasione
769 4953 858 5047 per
872 4916 1381 5045 plureshebdomades
1403 4921 1583 5038 oblata,
1599 4927 1843 5049 inqvirere
1854 4956 1957 5016 non
1974 4926 2134 5019 omisiss
