4525 5842
516 383 705 459 suono
730 385 924 461 runnu.
987 387 1297 467 aaronitas.
1354 342 1360 360 ⁸
1567 399 1642 487 'ms

239 590 330 659 muli
353 591 539 682 superiores
563 592 760 675 abbreviati,
791 596 1035 688 subsimplices,
1065 603 1303 690 approximati‚
1328 599 1523 694 plerumque
1545 609 1691 673 secundi.

239 695 386 764 Articuli
401 695 606 781 longitudine
623 698 768 779 variant,
795 700 837 765 ad
851 703 946 766 basin
957 703 1084 782 breves,
1105 704 1184 769 dein
1199 704 1358 772 diametro
1375 708 1505 797 3-4plo'
1511 709 1689 794 longiores,

241 821 276 868 et
290 804 415 885 iterum
435 801 470 863 in
486 799 634 889 apicibus
648 804 853 870 ramulorum
866 806 1052 886 breviores,
1078 806 1204 874 duabus
1220 807 1272 874 vel
1287 810 1390 873 tribus
1407 814 1495 876 striis
1509 811 1691 899 longitudi-

240 904 371 971 nalibus
385 904 509 984 notati;
529 905 565 968 in
586 920 672 970 statu
691 930 771 973 vero
791 909 916 974 recenti
935 910 985 975 hae
1007 912 1102 992 stria,
1117 936 1203 1003 saepe
1227 914 1396 979 cruciatim
1415 913 1580 1004 dispositae
1603 936 1689 984 sunt.

246 1010 384 1073 Fructus
399 1006 489 1072 latet.
537 1005 640 1073 Color
655 1011 948 1093 nigro-rubescens
964 1013 1017 1081 vel
1037 1033 1308 1108 atropurpureus.
1354 1017 1542 1096 Substantia
1568 1039 1689 1088 tenera.

250 1113 386 1179 Aestate.
435 1111 565 1177 Charta
580 1136 650 1179 non
665 1113 752 1179 bene
766 1115 921 1183 adhaeret.

680 1283 695 1310 0

193 1413 253 1482 13
302 1398 355 1469 H.
370 1396 525 1485 strictu3
547 1397 679 1470 froude
696 1402 956 1494 ramosissimis,
986 1409 1127 1497 stricta3
1150 1407 1262 1484 ramis
1275 1405 1417 1478 inferne
1433 1413 1602 1502 remou‘s,
1625 1435 1692 1483 sn·
1719 1434 1809 1507 Tab,
1828 1440 1886 1519 36,

95 1553 225 1626 perne
247 1536 524 1624 approximatis,
554 1532 789 1626 faseieulatls,
820 1535 1030 1631 fastigiatis,
1060 1540 1302 1635 simplicibus5
1334 1543 1494 1614 articulis
1516 1547 1692 1657 diametro

99 1668 305 1761 quintuplo
323 1667 551 1759 longioribus.

246 1861 420 1917 Buschtnsia
438 1870 541 1916 stricta
560 1864 610 1934 Ag.
628 1862 691 1935 Syn.
711 1882 740 1935 p·
758 1866 801 1929 56.
851 1893 853 1898 ·

250 1972 411 2023 Commium
428 1978 557 2023 strictum
574 1970 659 2025 Roth.
680 1971 740 2025 Cat.
762 1970 818 2024 bot.
839 1983 870 2038 3,
889 1990 917 2045 p.
940 1982 997 2038 tgo.

252 2074 400 2148 Conseraa
417 2085 517 2130 strtcta
535 2076 626 2134 Dillw.
647 2077 717 2134 Τὼ.
737 2086 780 2145 4ο.
799 2099 829 2124 -ε
844 2080 940 2142 stl,
961 2079 987 2136 n.
1006 2079 1079 2154 lapp.
1097 2098 1125 2136 u.
1145 2091 1207 2153 978.

102 2264 268 2335 Habitat
286 2264 324 2336 in
338 2262 525 2354 profundo
545 2264 627 2331 ostii
643 2265 742 2331 sinus
762 2262 1002 2357 Otbiniensis,
1032 2270 1126 2337 saxis
1148 2277 1186 2339 et
1203 2271 1383 2360 stipitibus
1400 2271 1496 2344 Fuci
1505 2274 1693 2346 vesiculosi

101 2400 324 2486 aduescene,
350 2401 516 2489 copiose,
541 2396 587 2466 ad
608 2393 709 2469 lituis
726 2401 836 2468 maris
858 2399 1003 2470 Codani
1018 2404 1144 2471 rarius.
1178 2437 1226 2459 -
1253 2400 1312 2473 Ad
1331 2405 1464 2476 insulas
1481 2408 1690 2478 Faeroenses

102 2531 216 2602 haud
236 2530 422 2622 frequens.
1546 2533 1550 2538 ’

164 2735 291 2803 DESC.
338 2733 443 2801 Radix
459 2736 585 2819 exigua,
608 2737 782 2824 nigricans.
829 2739 979 2807 Frondes
998 2766 1037 2807 ex
1052 2740 1166 2808 eadem
1180 2743 1251 2810 basi
1266 2741 1398 2835 plures,
1420 2762 1524 2810 setam
1539 2745 1691 2834 equinam

250 2864 383 2921 crassae,
407 2840 577 2905 inferiores
597 2840 793 2934 plerumqve
815 2846 1011 2935 cespitasse,
1034 2848 1280 2931 atrorubentes,
1305 2837 1475 2940 repentes,
1511 2848 1690 2936 (radicibus

246 2944 443 3012 admodum
459 2944 695 3012 Callitlmmnii
717 2950 880 3036 repentis,
904 2951 939 3013 ui
961 2948 1076 3030 fallor,
1102 2939 1270 3018 in'terdum
1291 2951 1489 3037 instructa),
1513 2952 1647 3032 breves,
1669 2961 1691 3024 2

244 3049 288 3114 ad
310 3062 330 3122 3
351 3049 453 3114 lineas
474 3039 600 3131 longae,
634 3052 775 3131 obtusa,
809 3050 953 3116 articulis
977 3052 1152 3134 brevibus,
1185 3055 1344 3120 diametro
1366 3054 1691 3144 sesquilougioribus,

248 3154 387 3232 striatis,
407 3155 493 3218 inter
508 3177 588 3244 qvas
604 3149 674 3219 aliae
693 3172 870 3239 exsurgunt
884 3153 1067 3237 longiores,
1094 3155 1177 3223 duos
1199 3174 1304 3222 tresve
1325 3154 1462 3245 pollices
1484 3155 1607 3240 longae,
1630 3156 1692 3220 de-

98 3244 105 3252 ’
157 3257 165 3272 “
250 3253 350 3336 biles,
375 3249 535 3336 flaccidae,
558 3281 713 3338 ramosae,
729 3257 861 3348 ‚pallide
876 3282 997 3339 rosea,
1021 3261 1152 3324 strictae.
1197 3257 1291 3327 Rami
1302 3259 1435 3339 alterni,
1461 3256 1614 3343 elongati,
1635 3260 1692 3321 in-

249 3360 385 3427 feriores
406 3362 546 3441 remoti,
564 3361 693 3441 inferne
715 3362 897 3452 simplices,
923 3387 1065 3452 superna
1087 3366 1226 3444 ramosi,
1251 3362 1303 3431 vcl
1327 3365 1355 3429 si
1376 3362 1473 3444 velia,
1499 3359 1691 3441 dichotomi,
1743 3414 1749 3426 .
1824 3409 1829 3420 .

247 3465 435 3554 superiores
453 3489 529 3529 cum
542 3466 677 3532 ramulis
694 3464 873 3532 densiores.
918 3465 1059 3548 Articuli
1075 3467 1235 3533 diametro
1249 3455 1339 3559 5plo⁴
1351 3466 1517 3552 longiores
1528 3515 1538 3548 ‚
1549 3470 1597 3568 ,in
1618 3467 1693 3556 api-

244 3569 337 3634 cibus
354 3568 561 3635 ramulorum
579 3561 763 3651 breviores,
789 3572 875 3635 striis
897 3572 991 3644 binis¹
1006 3569 1059 3637 vel
1084 3574 1184 3636 ternis
1206 3574 1376 3637 cruciatim
1399 3569 1691 3655 longitudinalibus

148 3713 156 3723 ·
245 3671 471 3763 pulcherrime
484 3675 576 3763 picti.
624 3676 764 3747 Fructus
779 3675 982 3754 rarissimus3
1008 3663 1184 3765 Capsulam
1199 3673 1298 3740 semel
1315 3675 1383 3742 vidi
1404 3692 1532 3741 ovatum
1547 3671 1692 3738 sessilem

247 3776 352 3841 limbo
369 3774 536 3867 pellucido
553 3779 694 3844 cinctam
710 3778 753 3842 ad
768 3777 850 3842 latus
869 3781 954 3843 rami
977 3780 1159 3867 superioris
1182 3781 1288 3843 sitam.
1336 3777 1438 3843 Color
1462 3778 1605 3866 cespitis
1630 3783 1690 3840 ‘ru-

244 3881 350 3959 bena,
381 3879 516 3946 filorum
532 3882 743 3966 singulorum
766 3881 868 3946 dilate
886 3901 1016 3948 roseus.
1070 3881 1259 3948 Substantia
1280 3878 1555 3972 membranacea,
1568 3897 1692 3947 tenera.

248 3986 380 4052 vacet
393 4002 514 4050 astate.
560 3988 690 4053 Charta
706 3985 859 4051 adhaeret.

148 4178 256 4248 OBS.
300 4179 494 4248 smsunua'
509 4185 652 4250 tenuiori
675 4201 707 4250 et
721 4181 833 4250 colore
847 4181 999 4249 dilutiori
1017 4183 1128 4273 primo
1150 4183 1311 4249 intuitus
1331 4181 1540 4274 precedente
1568 4180 1690 4245 distin·

250 4285 373 4367 guitur.
398 4320 440 4335 -
469 4288 713 4377 Dissepimenta
736 4289 806 4352 sive
825 4286 973 4370 genicula
996 4287 1096 4371 hujus
1116 4289 1257 4379 speciei,
1284 4286 1573 4378 (quemadmodum
1594 4286 1691 4346 etiam

248 4387 466 4453 Hutcltinsiae
480 4392 679 4468 urceolutae,
702 4390 882 4478 bysaoidia,
905 4392 1090 4457 strictoidia
1102 4409 1135 4457 et
1151 4393 1279 4469 badia,
1302 4390 1343 4456 de
1366 4392 1486 4480 quibus
1508 4391 1574 4468 jam
1596 4402 1691 4449 antea

246 4491 325 4556 suis
341 4488 422 4556 locis
437 4495 585 4574 monui),
610 4497 699 4560 intus
712 4494 824 4560 medio
842 4514 915 4559 esse
927 4494 1106 4584 perforata,
1132 4495 1214 4558 adeo
1232 4511 1266 4557 ut
1280 4495 1370 4556 striis
1385 4485 1695 4571 longitudiualibus,

246 4597 347 4684 (qvas
363 4594 494 4660 tubulos
510 4597 712 4686 cylindrieos
734 4597 814 4663 dicit
826 4596 1043 4686 Dillwyniu8‚
1070 4612 1102 4660 et
1123 4596 1259 4659 canales
1280 4591 1500 4676 Agardhiua),
1517 4592 1611 4690 ‘liber
1632 4617 1693 4683 per

202 4757 216 4782 ,
251 4722 287 4762 ea
305 4700 467 4766 transitus
482 4717 610 4789 pateat,
634 4701 671 4778 id
684 4703 825 4778 cruciata
837 4701 889 4767 vel
904 4695 1146 4766 rhomboidalis
1169 4698 1325 4761 striarum
1347 4697 1544 4788 dispositio,
1570 4720 1640 4786 qvae
1656 4696 1692 4759 in

253 4800 427 4893 articulum
444 4804 589 4868 ricinum
612 4804 726 4870 eadem
746 4805 873 4870 ratione
892 4802 1128 4893 prolongatur,
1160 4800 1333 4885 indigitare
1355 4801 1496 4866 videtur.
1541 4801 1691 4867 Siccitate

248 4929 320 4972 non
336 4923 502 4986 mutatur,
525 4909 591 4971 nisi
605 4906 694 4997 qvod
710 4908 818 4986 striae,
844 4929 915 4997 qvae
931 4908 966 4971 iu
980 4908 1104 4971 receuti
1121 4907 1305 4987 tenuiores,
1330 4908 1473 4971 incurva
1496 4921 1528 4968 ct
1542 4902 1691 4968 cruciatae
1728 4928 1733 4936 ·

251 5027 434 5101 apparent,
459 5012 496 5076 iu
509 5012 631 5102 siccata
642 5027 740 5078 rectae
753 5028 787 5078 et
799 5009 1093 5092 luculentioresin
1114 5029 1330 5102 conspectum
1350 5012 1495 5078 veniunt.
1519 5040 1561 5055 -
1583 5006 1692 5073 Frue-

1196 5117 1298 5203 (15²)
