<?xml version="1.0" encoding="UTF-8"?>
<!DOCTYPE html PUBLIC "-//W3C//DTD XHTML 1.0 Transitional//EN"
    "http://www.w3.org/TR/xhtml1/DTD/xhtml1-transitional.dtd">
<html xmlns="http://www.w3.org/1999/xhtml" xml:lang="en" lang="en">
 <head>
  <title>
</title>
<meta http-equiv="Content-Type" content="text/html;charset=utf-8" />
  <meta name='ocr-system' content='tesseract 3.04.00' />
  <meta name='ocr-capabilities' content='ocr_page ocr_carea ocr_par ocr_line ocrx_word'/>
</head>
<body>
  <div class='ocr_page' id='page_1' title='image "./tentamenhydroph01lynggoog_0243.png"; bbox 0 0 4525 5842; ppageno 0'>
   <div class='ocr_carea' id='block_1_1' title="bbox 566 353 1624 448">
    <p class='ocr_par' dir='ltr' id='par_1_1' title="bbox 566 353 1624 448">
     <span class='ocr_line' id='line_1_1' title="bbox 566 353 1624 448; baseline 0.013 -15"><span class='ocrx_word' id='word_1_1' title='bbox 566 353 740 434; x_wconf 78' lang='lat' dir='ltr'><strong>merto</strong></span> <span class='ocrx_word' id='word_1_2' title='bbox 766 357 937 434; x_wconf 79' lang='lat' dir='ltr'><strong>snxra.</strong></span> <span class='ocrx_word' id='word_1_3' title='bbox 986 356 1193 433; x_wconf 79' lang='lat' dir='ltr'><strong>Nosroc.</strong></span> <span class='ocrx_word' id='word_1_4' title='bbox 1543 357 1624 448; x_wconf 76' lang='lat'><strong>201</strong></span> 
     </span>
    </p>
   </div>
   <div class='ocr_carea' id='block_1_2' title="bbox 88 552 1671 800">
    <p class='ocr_par' dir='ltr' id='par_1_2' title="bbox 88 552 1671 800">
     <span class='ocr_line' id='line_1_2' title="bbox 88 552 1671 666; baseline 0 -21"><span class='ocrx_word' id='word_1_5' title='bbox 88 557 239 645; x_wconf 80' lang='lat' dir='ltr'><strong>Habitat</strong></span> <span class='ocrx_word' id='word_1_6' title='bbox 265 574 315 643; x_wconf 88' lang='lat' dir='ltr'><strong>ad</strong></span> <span class='ocrx_word' id='word_1_7' title='bbox 338 571 456 662; x_wconf 86' lang='lat' dir='ltr'><strong>ripam</strong></span> <span class='ocrx_word' id='word_1_8' title='bbox 477 580 687 666; x_wconf 80' lang='lat' dir='ltr'><strong>stagnorum</strong></span> <span class='ocrx_word' id='word_1_9' title='bbox 708 559 982 660; x_wconf 55' lang='lat' dir='ltr'><strong>et&#39;rivulorum,</strong></span> <span class='ocrx_word' id='word_1_10' title='bbox 1009 570 1069 640; x_wconf 90' lang='lat' dir='ltr'><strong>hic</strong></span> <span class='ocrx_word' id='word_1_11' title='bbox 1091 571 1165 641; x_wconf 89' lang='lat' dir='ltr'><strong>illic</strong></span> <span class='ocrx_word' id='word_1_12' title='bbox 1182 552 1352 664; x_wconf 74' lang='lat' dir='ltr'><strong>copiose,</strong></span> <span class='ocrx_word' id='word_1_13' title='bbox 1368 566 1529 644; x_wconf 63' lang='lat' dir='ltr'><strong>&#39;Malea</strong></span> <span class='ocrx_word' id='word_1_14' title='bbox 1553 610 1611 630; x_wconf 32' lang='lat' dir='ltr'><strong>-J</strong></span> <span class='ocrx_word' id='word_1_15' title='bbox 1628 572 1671 645; x_wconf 88' lang='lat' dir='ltr'><strong>ln</strong></span> 
     </span>
     <span class='ocr_line' id='line_1_3' title="bbox 90 702 1067 800; baseline -0.004 -23"><span class='ocrx_word' id='word_1_16' title='bbox 90 705 285 800; x_wconf 78' lang='lat' dir='ltr'><strong>argillaceis</strong></span> <span class='ocrx_word' id='word_1_17' title='bbox 304 706 489 774; x_wconf 88' lang='lat' dir='ltr'><strong>inundatis</strong></span> <span class='ocrx_word' id='word_1_18' title='bbox 504 728 620 797; x_wconf 86' lang='lat' dir='ltr'>prope</span> <span class='ocrx_word' id='word_1_19' title='bbox 634 702 904 797; x_wconf 83' lang='lat' dir='ltr'><strong>Hofmansgave</strong></span> <span class='ocrx_word' id='word_1_20' title='bbox 919 705 1067 774; x_wconf 80' lang='lat' dir='ltr'><strong>Fioniae.</strong></span> 
     </span>
    </p>
   </div>
   <div class='ocr_carea' id='block_1_3' title="bbox 129 824 1668 1244">
    <p class='ocr_par' dir='ltr' id='par_1_3' title="bbox 129 824 1668 1244">
     <span class='ocr_line' id='line_1_4' title="bbox 129 824 1668 960; baseline 0.001 -28"><span class='ocrx_word' id='word_1_21' title='bbox 129 866 252 934; x_wconf 83' lang='lat' dir='ltr'><strong>DESC.</strong></span> <span class='ocrx_word' id='word_1_22' title='bbox 299 866 453 933; x_wconf 87' lang='lat' dir='ltr'><strong>Frondes</strong></span> <span class='ocrx_word' id='word_1_23' title='bbox 473 866 636 948; x_wconf 80' lang='lat' dir='ltr'><strong>globosae,</strong></span> <span class='ocrx_word' id='word_1_24' title='bbox 664 890 683 930; x_wconf 86' lang='lat' dir='ltr'><strong>a</strong></span> <span class='ocrx_word' id='word_1_25' title='bbox 699 866 831 931; x_wconf 87' lang='lat' dir='ltr'><strong>seminis</strong></span> <span class='ocrx_word' id='word_1_26' title='bbox 843 866 1010 933; x_wconf 71' lang='lat' dir='ltr'><strong>Cannabis</strong></span> <span class='ocrx_word' id='word_1_27' title='bbox 1023 866 1065 934; x_wconf 89' lang='lat' dir='ltr'><strong>ad</strong></span> <span class='ocrx_word' id='word_1_28' title='bbox 1078 868 1159 935; x_wconf 79' lang='lat' dir='ltr'><strong>Pisi</strong></span> <span class='ocrx_word' id='word_1_29' title='bbox 1170 824 1459 954; x_wconf 80' lang='lat' dir='ltr'><strong>magnitudinem,</strong></span> <span class='ocrx_word' id='word_1_30' title='bbox 1473 869 1668 960; x_wconf 74' lang='lat' dir='ltr'><strong>plerumque</strong></span> 
     </span>
     <span class='ocr_line' id='line_1_5' title="bbox 213 967 1666 1061; baseline 0.001 -25"><span class='ocrx_word' id='word_1_31' title='bbox 213 987 420 1055; x_wconf 71' lang='lat' dir='ltr'><strong>aggregate,</strong></span> <span class='ocrx_word' id='word_1_32' title='bbox 449 968 581 1048; x_wconf 81' lang='lat' dir='ltr'><strong>solidae,</strong></span> <span class='ocrx_word' id='word_1_33' title='bbox 612 967 714 1034; x_wconf 83' lang='lat' dir='ltr'><strong>durae.</strong></span> <span class='ocrx_word' id='word_1_34' title='bbox 762 967 835 1035; x_wconf 88' lang='lat' dir='ltr'><strong>Fila</strong></span> <span class='ocrx_word' id='word_1_35' title='bbox 856 970 984 1035; x_wconf 90' lang='lat' dir='ltr'><strong>interna</strong></span> <span class='ocrx_word' id='word_1_36' title='bbox 1007 987 1043 1035; x_wconf 92' lang='lat' dir='ltr'><strong>ut</strong></span> <span class='ocrx_word' id='word_1_37' title='bbox 1063 972 1290 1061; x_wconf 73' lang='lat' dir='ltr'><strong>precedentis.</strong></span> <span class='ocrx_word' id='word_1_38' title='bbox 1345 971 1448 1040; x_wconf 90' lang='lat' dir='ltr'><strong>Color</strong></span> <span class='ocrx_word' id='word_1_39' title='bbox 1468 974 1666 1040; x_wconf 85' lang='lat' dir='ltr'><strong>atroviridia.</strong></span> 
     </span>
     <span class='ocr_line' id='line_1_6' title="bbox 214 1070 1666 1242; baseline 0.002 -104"><span class='ocrx_word' id='word_1_40' title='bbox 214 1075 410 1242; x_wconf 70' lang='lat' dir='ltr'><strong>Subsdtpptia</strong></span> <span class='ocrx_word' id='word_1_41' title='bbox 426 1070 624 1152; x_wconf 76' lang='lat' dir='ltr'><strong>duriuscule,</strong></span> <span class='ocrx_word' id='word_1_42' title='bbox 647 1070 834 1156; x_wconf 79' lang='lat' dir='ltr'><strong>gelatinosa.</strong></span> <span class='ocrx_word' id='word_1_43' title='bbox 876 1073 1056 1141; x_wconf 85' lang='lat' dir='ltr'><strong>Autumno.</strong></span> <span class='ocrx_word' id='word_1_44' title='bbox 1096 1075 1247 1142; x_wconf 76' lang='lat' dir='ltr'><strong>Siceiute</strong></span> <span class='ocrx_word' id='word_1_45' title='bbox 1262 1093 1465 1162; x_wconf 80' lang='lat' dir='ltr'><strong>corrugatur,</strong></span> <span class='ocrx_word' id='word_1_46' title='bbox 1490 1100 1550 1141; x_wconf 91' lang='lat' dir='ltr'><strong>nec</strong></span> <span class='ocrx_word' id='word_1_47' title='bbox 1567 1076 1666 1142; x_wconf 85' lang='lat' dir='ltr'><strong>ohar-</strong></span> 
     </span>
     <span class='ocr_line' id='line_1_7' title="bbox 215 1193 437 1244; baseline -0.018 0"><span class='ocrx_word' id='word_1_48' title='bbox 215 1193 294 1244; x_wconf 83' lang='lat' dir='ltr'><strong>tteu</strong></span> <span class='ocrx_word' id='word_1_49' title='bbox 348 1193 437 1242; x_wconf 80' lang='lat' dir='ltr'><strong>aeret.</strong></span> 
     </span>
    </p>
   </div>
   <div class='ocr_carea' id='block_1_4' title="bbox 101 1415 1864 1645">
    <p class='ocr_par' dir='ltr' id='par_1_4' title="bbox 101 1388 1864 1645">
     <span class='ocr_line' id='line_1_8' title="bbox 168 1415 1864 1510; baseline 0.001 -22"><span class='ocrx_word' id='word_1_50' title='bbox 168 1423 199 1500; x_wconf 61' lang='lat' dir='ltr'><strong>(a</strong></span> <span class='ocrx_word' id='word_1_51' title='bbox 247 1420 295 1491; x_wconf 99' lang='lat' dir='ltr'><strong><em>N</em></strong></span> <span class='ocrx_word' id='word_1_52' title='bbox 314 1416 528 1488; x_wconf 84' lang='lat' dir='ltr'><strong>coeruleum</strong></span> <span class='ocrx_word' id='word_1_53' title='bbox 538 1439 553 1507; x_wconf 91' lang='lat'><strong>,·</strong></span> <span class='ocrx_word' id='word_1_54' title='bbox 573 1415 704 1488; x_wconf 80' lang='lat' dir='ltr'><strong>fronde</strong></span> <span class='ocrx_word' id='word_1_55' title='bbox 727 1417 887 1505; x_wconf 87' lang='lat' dir='ltr'><strong>minuta,</strong></span> <span class='ocrx_word' id='word_1_56' title='bbox 911 1418 1058 1510; x_wconf 83' lang='lat' dir='ltr'><strong>globosa</strong></span> <span class='ocrx_word' id='word_1_57' title='bbox 1065 1471 1076 1508; x_wconf 93' lang='lat'><strong>,</strong></span> <span class='ocrx_word' id='word_1_58' title='bbox 1097 1418 1257 1490; x_wconf 87' lang='lat' dir='ltr'><strong>solitaria</strong></span> <span class='ocrx_word' id='word_1_59' title='bbox 1264 1471 1275 1510; x_wconf 94' lang='lat'><strong>,</strong></span> <span class='ocrx_word' id='word_1_60' title='bbox 1297 1419 1431 1510; x_wconf 88' lang='lat' dir='ltr'><strong>solida,</strong></span> <span class='ocrx_word' id='word_1_61' title='bbox 1456 1421 1555 1510; x_wconf 79' lang='lat' dir='ltr'><strong>laevi,</strong></span> <span class='ocrx_word' id='word_1_62' title='bbox 1578 1441 1666 1490; x_wconf 87' lang='lat' dir='ltr'><strong>coe·</strong></span> <span class='ocrx_word' id='word_1_63' title='bbox 1690 1417 1781 1491; x_wconf 83' lang='lat' dir='ltr'><strong>Tab.</strong></span> <span class='ocrx_word' id='word_1_64' title='bbox 1802 1421 1864 1503; x_wconf 70' lang='lat'><strong>66:</strong></span> 
     </span>
     <span class='ocr_line' id='line_1_9' title="bbox 101 1549 1552 1645; baseline -0.002 -21"><span class='ocrx_word' id='word_1_65' title='bbox 101 1552 210 1643; x_wconf 75' lang='lat' dir='ltr'><strong>talea,</strong></span> <span class='ocrx_word' id='word_1_66' title='bbox 233 1553 501 1645; x_wconf 84' lang='lat' dir='ltr'><strong>subpellncida3</strong></span> <span class='ocrx_word' id='word_1_67' title='bbox 525 1549 594 1620; x_wconf 88' lang='lat' dir='ltr'><strong>filis</strong></span> <span class='ocrx_word' id='word_1_68' title='bbox 609 1553 759 1621; x_wconf 88' lang='lat' dir='ltr'><strong>internis</strong></span> <span class='ocrx_word' id='word_1_69' title='bbox 775 1549 1013 1642; x_wconf 84' lang='lat' dir='ltr'><strong>simplicibus,</strong></span> <span class='ocrx_word' id='word_1_70' title='bbox 1038 1557 1212 1642; x_wconf 74' lang='lat' dir='ltr'><strong>curtatis,</strong></span> <span class='ocrx_word' id='word_1_71' title='bbox 1238 1552 1552 1623; x_wconf 86' lang='lat' dir='ltr'><strong>moniliformibus.</strong></span> 
     </span>
    </p>
   </div>
   <div class='ocr_carea' id='block_1_5' title="bbox 98 1716 1667 2077">
    <p class='ocr_par' dir='ltr' id='par_1_5' title="bbox 98 1716 1667 2077">
     <span class='ocr_line' id='line_1_10' title="bbox 125 1716 1667 1812; baseline 0.001 -23"><span class='ocrx_word' id='word_1_72' title='bbox 125 1746 127 1749; x_wconf 93' lang='lat'>·</span> <span class='ocrx_word' id='word_1_73' title='bbox 144 1719 290 1790; x_wconf 81' lang='lat' dir='ltr'><strong>Habitat</strong></span> <span class='ocrx_word' id='word_1_74' title='bbox 303 1720 549 1812; x_wconf 85' lang='lat' dir='ltr'><strong>pulcherrima</strong></span> <span class='ocrx_word' id='word_1_75' title='bbox 561 1717 640 1785; x_wconf 85' lang='lat' dir='ltr'><strong>haec</strong></span> <span class='ocrx_word' id='word_1_76' title='bbox 655 1720 791 1809; x_wconf 87' lang='lat' dir='ltr'><strong>species</strong></span> <span class='ocrx_word' id='word_1_77' title='bbox 807 1716 965 1787; x_wconf 82' lang='lat' dir='ltr'><strong>infossis</strong></span> <span class='ocrx_word' id='word_1_78' title='bbox 977 1717 1124 1790; x_wconf 82' lang='lat' dir='ltr'><strong>turfoais</strong></span> <span class='ocrx_word' id='word_1_79' title='bbox 1140 1723 1187 1790; x_wconf 86' lang='lat' dir='ltr'><strong>ad</strong></span> <span class='ocrx_word' id='word_1_80' title='bbox 1204 1719 1534 1812; x_wconf 80' lang='lat' dir='ltr'><strong>Viintappergaard</strong></span> <span class='ocrx_word' id='word_1_81' title='bbox 1550 1719 1667 1810; x_wconf 79' lang='lat' dir='ltr'><strong>propo</strong></span> 
     </span>
     <span class='ocr_line' id='line_1_11' title="bbox 104 1848 1666 1945; baseline 0.001 -24"><span class='ocrx_word' id='word_1_82' title='bbox 104 1851 276 1941; x_wconf 72' lang='lat' dir='ltr'><strong>lichiam,</strong></span> <span class='ocrx_word' id='word_1_83' title='bbox 301 1854 455 1922; x_wconf 86' lang='lat' dir='ltr'><strong>surculis</strong></span> <span class='ocrx_word' id='word_1_84' title='bbox 473 1852 599 1944; x_wconf 82' lang='lat' dir='ltr'><strong>Hypni</strong></span> <span class='ocrx_word' id='word_1_85' title='bbox 616 1852 793 1941; x_wconf 85' lang='lat' dir='ltr'><strong>cuspidati</strong></span> <span class='ocrx_word' id='word_1_86' title='bbox 807 1848 1027 1942; x_wconf 73' lang='lat' dir='ltr'><strong>aliorumque</strong></span> <span class='ocrx_word' id='word_1_87' title='bbox 1048 1854 1087 1920; x_wconf 90' lang='lat' dir='ltr'><strong>in</strong></span> <span class='ocrx_word' id='word_1_88' title='bbox 1110 1877 1202 1945; x_wconf 79' lang='lat' dir='ltr'><strong>aqua</strong></span> <span class='ocrx_word' id='word_1_89' title='bbox 1224 1852 1477 1922; x_wconf 83' lang='lat' dir='ltr'><strong>fluctuantium</strong></span> <span class='ocrx_word' id='word_1_90' title='bbox 1499 1851 1666 1922; x_wconf 56' lang='lat' dir='ltr'><strong>adhaere*</strong></span> 
     </span>
     <span class='ocr_line' id='line_1_12' title="bbox 98 1981 1266 2077; baseline 0 -22"><span class='ocrx_word' id='word_1_91' title='bbox 98 2007 204 2056; x_wconf 80' lang='lat' dir='ltr'><strong>&#39;scens</strong></span> <span class='ocrx_word' id='word_1_92' title='bbox 226 2024 275 2039; x_wconf 89' lang='lat'>—</span> <span class='ocrx_word' id='word_1_93' title='bbox 294 1985 336 2056; x_wconf 92' lang='lat' dir='ltr'><strong>In</strong></span> <span class='ocrx_word' id='word_1_94' title='bbox 350 1985 501 2056; x_wconf 79' lang='lat' dir='ltr'><strong>turfosis</strong></span> <span class='ocrx_word' id='word_1_95' title='bbox 517 1983 660 2056; x_wconf 74' lang='lat' dir='ltr'><strong>Stiirtlal</strong></span> <span class='ocrx_word' id='word_1_96' title='bbox 678 1982 870 2073; x_wconf 80' lang='lat' dir='ltr'><strong>Norvegiae</strong></span> <span class='ocrx_word' id='word_1_97' title='bbox 890 1981 1157 2072; x_wconf 81' lang='lat' dir='ltr'><strong>Sommerfeldt</strong></span> <span class='ocrx_word' id='word_1_98' title='bbox 1170 1985 1266 2077; x_wconf 76' lang='lat' dir='ltr'><strong>legit</strong></span> 
     </span>
    </p>
   </div>
   <div class='ocr_carea' id='block_1_6' title="bbox 145 2159 1663 2561">
    <p class='ocr_par' dir='ltr' id='par_1_6' title="bbox 145 2159 1663 2561">
     <span class='ocr_line' id='line_1_13' title="bbox 145 2159 1660 2250; baseline -0.001 -22"><span class='ocrx_word' id='word_1_99' title='bbox 145 2162 260 2231; x_wconf 84' lang='lat' dir='ltr'><strong>DESC.</strong></span> <span class='ocrx_word' id='word_1_100' title='bbox 302 2162 454 2229; x_wconf 87' lang='lat' dir='ltr'><strong>Frondes</strong></span> <span class='ocrx_word' id='word_1_101' title='bbox 476 2161 638 2245; x_wconf 80' lang='lat' dir='ltr'><strong>globosae,</strong></span> <span class='ocrx_word' id='word_1_102' title='bbox 670 2161 819 2250; x_wconf 88' lang='lat' dir='ltr'><strong>acapitis</strong></span> <span class='ocrx_word' id='word_1_103' title='bbox 842 2159 972 2226; x_wconf 84' lang='lat' dir='ltr'><strong>aciculae</strong></span> <span class='ocrx_word' id='word_1_104' title='bbox 996 2161 1038 2228; x_wconf 88' lang='lat' dir='ltr'><strong>ad</strong></span> <span class='ocrx_word' id='word_1_105' title='bbox 1058 2164 1189 2228; x_wconf 84' lang='lat' dir='ltr'><strong>seminis</strong></span> <span class='ocrx_word' id='word_1_106' title='bbox 1205 2163 1374 2229; x_wconf 73' lang='lat' dir='ltr'><strong>Carambis</strong></span> <span class='ocrx_word' id='word_1_107' title='bbox 1392 2159 1660 2248; x_wconf 80' lang='lat' dir='ltr'><strong>magnitudinem,</strong></span> 
     </span>
     <span class='ocr_line' id='line_1_14' title="bbox 227 2265 1661 2358; baseline -0.001 -26"><span class='ocrx_word' id='word_1_108' title='bbox 227 2266 342 2334; x_wconf 78' lang='lat' dir='ltr'><strong>solide.</strong></span> <span class='ocrx_word' id='word_1_109' title='bbox 390 2265 463 2332; x_wconf 87' lang='lat' dir='ltr'><strong>Fila</strong></span> <span class='ocrx_word' id='word_1_110' title='bbox 484 2268 569 2330; x_wconf 85' lang='lat' dir='ltr'><strong>intra</strong></span> <span class='ocrx_word' id='word_1_111' title='bbox 582 2265 795 2330; x_wconf 82' lang='lat' dir='ltr'><strong>substantiam</strong></span> <span class='ocrx_word' id='word_1_112' title='bbox 812 2282 849 2328; x_wconf 92' lang='lat' dir='ltr'><strong>ut</strong></span> <span class='ocrx_word' id='word_1_113' title='bbox 867 2266 1139 2353; x_wconf 73' lang='lat' dir='ltr'><strong>precedentium,</strong></span> <span class='ocrx_word' id='word_1_114' title='bbox 1169 2265 1227 2332; x_wconf 84' lang='lat' dir='ltr'><strong>sed</strong></span> <span class='ocrx_word' id='word_1_115' title='bbox 1240 2267 1340 2358; x_wconf 90' lang='lat' dir='ltr'><strong>paulo</strong></span> <span class='ocrx_word' id='word_1_116' title='bbox 1357 2270 1508 2336; x_wconf 85' lang='lat' dir='ltr'><strong>tenuiora</strong></span> <span class='ocrx_word' id='word_1_117' title='bbox 1526 2284 1560 2332; x_wconf 91' lang='lat' dir='ltr'><strong>et</strong></span> <span class='ocrx_word' id='word_1_118' title='bbox 1580 2268 1661 2331; x_wconf 91' lang='lat' dir='ltr'><strong>bre-</strong></span> 
     </span>
     <span class='ocr_line' id='line_1_15' title="bbox 223 2366 1663 2458; baseline 0 -21"><span class='ocrx_word' id='word_1_119' title='bbox 223 2371 321 2437; x_wconf 74' lang='lat' dir='ltr'><strong>viora.</strong></span> <span class='ocrx_word' id='word_1_120' title='bbox 365 2368 468 2436; x_wconf 89' lang='lat' dir='ltr'><strong>Color</strong></span> <span class='ocrx_word' id='word_1_121' title='bbox 481 2368 744 2458; x_wconf 87' lang='lat' dir='ltr'><strong>pulcherrimus,</strong></span> <span class='ocrx_word' id='word_1_122' title='bbox 773 2366 897 2456; x_wconf 84' lang='lat' dir='ltr'><strong>pallide</strong></span> <span class='ocrx_word' id='word_1_123' title='bbox 910 2367 1098 2447; x_wconf 85' lang='lat' dir='ltr'><strong>coeruleus,</strong></span> <span class='ocrx_word' id='word_1_124' title='bbox 1131 2371 1250 2434; x_wconf 86' lang='lat' dir='ltr'><strong>nitens.</strong></span> <span class='ocrx_word' id='word_1_125' title='bbox 1295 2371 1483 2437; x_wconf 79' lang='lat' dir='ltr'><strong>Substantia</strong></span> <span class='ocrx_word' id='word_1_126' title='bbox 1501 2369 1663 2456; x_wconf 71' lang='lat' dir='ltr'><strong>gelatino·</strong></span> 
     </span>
     <span class='ocr_line' id='line_1_16' title="bbox 227 2469 1662 2561; baseline -0.001 -24"><span class='ocrx_word' id='word_1_127' title='bbox 227 2496 271 2552; x_wconf 85' lang='lat' dir='ltr'><strong>aa,</strong></span> <span class='ocrx_word' id='word_1_128' title='bbox 292 2475 426 2538; x_wconf 77' lang='lat' dir='ltr'><strong>maxime</strong></span> <span class='ocrx_word' id='word_1_129' title='bbox 441 2472 579 2550; x_wconf 86' lang='lat' dir='ltr'><strong>lubrica,</strong></span> <span class='ocrx_word' id='word_1_130' title='bbox 603 2469 696 2536; x_wconf 88' lang='lat' dir='ltr'><strong>dura.</strong></span> <span class='ocrx_word' id='word_1_131' title='bbox 747 2470 876 2534; x_wconf 79' lang='lat' dir='ltr'><strong>Annua.</strong></span> <span class='ocrx_word' id='word_1_132' title='bbox 923 2474 1065 2535; x_wconf 83' lang='lat' dir='ltr'><strong>Aestate.</strong></span> <span class='ocrx_word' id='word_1_133' title='bbox 1110 2471 1240 2536; x_wconf 78' lang='lat' dir='ltr'><strong>Chartae</strong></span> <span class='ocrx_word' id='word_1_134' title='bbox 1257 2489 1344 2538; x_wconf 87' lang='lat' dir='ltr'><strong>arcte</strong></span> <span class='ocrx_word' id='word_1_135' title='bbox 1362 2473 1515 2552; x_wconf 85' lang='lat' dir='ltr'><strong>adhaeret,</strong></span> <span class='ocrx_word' id='word_1_136' title='bbox 1538 2489 1662 2561; x_wconf 81' lang='lat' dir='ltr'><strong>puncta</strong></span> 
     </span>
    </p>
   </div>
   <div class='ocr_carea' id='block_1_7' title="bbox 231 2574 780 2661">
    <p class='ocr_par' dir='ltr' id='par_1_7' title="bbox 231 2574 780 2661">
     <span class='ocr_line' id='line_1_17' title="bbox 231 2574 780 2661; baseline -0.007 -20"><span class='ocrx_word' id='word_1_137' title='bbox 231 2576 374 2642; x_wconf 86' lang='lat' dir='ltr'><strong>coerulea</strong></span> <span class='ocrx_word' id='word_1_138' title='bbox 388 2574 437 2643; x_wconf 79' lang='lat' dir='ltr'><strong>rel</strong></span> <span class='ocrx_word' id='word_1_139' title='bbox 455 2575 634 2661; x_wconf 79' lang='lat' dir='ltr'><strong>aeruginosa</strong></span> <span class='ocrx_word' id='word_1_140' title='bbox 652 2576 780 2639; x_wconf 86' lang='lat' dir='ltr'><strong>sistens.</strong></span> 
     </span>
    </p>
   </div>
   <div class='ocr_carea' id='block_1_8' title="bbox 147 2721 1663 3224">
    <p class='ocr_par' dir='ltr' id='par_1_8' title="bbox 147 2721 1663 3224">
     <span class='ocr_line' id='line_1_18' title="bbox 147 2721 1663 2815; baseline -0.002 -23"><span class='ocrx_word' id='word_1_141' title='bbox 147 2723 231 2792; x_wconf 82' lang='lat' dir='ltr'><strong>0R5.</strong></span> <span class='ocrx_word' id='word_1_142' title='bbox 277 2724 375 2792; x_wconf 88' lang='lat' dir='ltr'><strong>Color</strong></span> <span class='ocrx_word' id='word_1_143' title='bbox 387 2723 552 2790; x_wconf 86' lang='lat' dir='ltr'><strong>interdum</strong></span> <span class='ocrx_word' id='word_1_144' title='bbox 569 2726 604 2789; x_wconf 89' lang='lat' dir='ltr'><strong>in</strong></span> <span class='ocrx_word' id='word_1_145' title='bbox 626 2721 772 2788; x_wconf 85' lang='lat' dir='ltr'><strong>albidum</strong></span> <span class='ocrx_word' id='word_1_146' title='bbox 794 2723 909 2809; x_wconf 82' lang='lat' dir='ltr'><strong>vergit.</strong></span> <span class='ocrx_word' id='word_1_147' title='bbox 930 2757 973 2772; x_wconf 93' lang='lat'><em>-</em></span> <span class='ocrx_word' id='word_1_148' title='bbox 995 2724 1102 2789; x_wconf 85' lang='lat' dir='ltr'><strong>Massa</strong></span> <span class='ocrx_word' id='word_1_149' title='bbox 1123 2723 1317 2807; x_wconf 83' lang='lat' dir='ltr'><strong>gelatinosa,</strong></span> <span class='ocrx_word' id='word_1_150' title='bbox 1342 2727 1377 2790; x_wconf 91' lang='lat' dir='ltr'><strong>in</strong></span> <span class='ocrx_word' id='word_1_151' title='bbox 1397 2748 1459 2815; x_wconf 85' lang='lat' dir='ltr'><strong>qva</strong></span> <span class='ocrx_word' id='word_1_152' title='bbox 1483 2722 1538 2790; x_wconf 81' lang='lat' dir='ltr'><strong>iila</strong></span> <span class='ocrx_word' id='word_1_153' title='bbox 1560 2722 1663 2789; x_wconf 58' lang='lat' dir='ltr'><strong>nidui</strong></span> 
     </span>
     <span class='ocr_line' id='line_1_19' title="bbox 225 2826 1662 2917; baseline -0.002 -23"><span class='ocrx_word' id='word_1_154' title='bbox 225 2827 346 2898; x_wconf 82' lang='lat' dir='ltr'><strong>lantur.</strong></span> <span class='ocrx_word' id='word_1_155' title='bbox 368 2830 403 2893; x_wconf 88' lang='lat' dir='ltr'><strong>in</strong></span> <span class='ocrx_word' id='word_1_156' title='bbox 418 2830 479 2893; x_wconf 90' lang='lat' dir='ltr'><strong>hac</strong></span> <span class='ocrx_word' id='word_1_157' title='bbox 488 2876 498 2908; x_wconf 96' lang='lat'><strong>,</strong></span> <span class='ocrx_word' id='word_1_158' title='bbox 521 2845 558 2892; x_wconf 93' lang='lat' dir='ltr'><strong>ut</strong></span> <span class='ocrx_word' id='word_1_159' title='bbox 572 2829 669 2892; x_wconf 88' lang='lat' dir='ltr'><strong>etiam</strong></span> <span class='ocrx_word' id='word_1_160' title='bbox 684 2828 717 2891; x_wconf 87' lang='lat' dir='ltr'><strong>in</strong></span> <span class='ocrx_word' id='word_1_161' title='bbox 732 2826 802 2892; x_wconf 90' lang='lat' dir='ltr'><strong>aliis</strong></span> <span class='ocrx_word' id='word_1_162' title='bbox 816 2828 913 2908; x_wconf 84' lang='lat' dir='ltr'><strong>hujus</strong></span> <span class='ocrx_word' id='word_1_163' title='bbox 935 2829 1062 2910; x_wconf 81' lang='lat' dir='ltr'><strong>generis</strong></span> <span class='ocrx_word' id='word_1_164' title='bbox 1078 2828 1248 2917; x_wconf 78' lang='lat' dir='ltr'><strong>speciebus</strong></span> <span class='ocrx_word' id='word_1_165' title='bbox 1264 2830 1434 2894; x_wconf 82' lang='lat' dir='ltr'><strong>maceratis</strong></span> <span class='ocrx_word' id='word_1_166' title='bbox 1453 2826 1504 2895; x_wconf 84' lang='lat' dir='ltr'><strong>vel</strong></span> <span class='ocrx_word' id='word_1_167' title='bbox 1525 2826 1662 2892; x_wconf 85' lang='lat' dir='ltr'><strong>diffrac-</strong></span> 
     </span>
     <span class='ocr_line' id='line_1_20' title="bbox 226 2929 1661 3022; baseline -0.002 -25"><span class='ocrx_word' id='word_1_168' title='bbox 226 2934 279 3011; x_wconf 87' lang='lat' dir='ltr'><strong>tis,</strong></span> <span class='ocrx_word' id='word_1_169' title='bbox 301 2933 361 2997; x_wconf 88' lang='lat' dir='ltr'><strong>sub</strong></span> <span class='ocrx_word' id='word_1_170' title='bbox 374 2931 461 2997; x_wconf 89' lang='lat' dir='ltr'><strong>lente</strong></span> <span class='ocrx_word' id='word_1_171' title='bbox 474 2934 609 2998; x_wconf 88' lang='lat' dir='ltr'><strong>omnino</strong></span> <span class='ocrx_word' id='word_1_172' title='bbox 628 2929 792 3022; x_wconf 90' lang='lat' dir='ltr'><strong>pellucida</strong></span> <span class='ocrx_word' id='word_1_173' title='bbox 809 2947 841 2996; x_wconf 90' lang='lat' dir='ltr'><strong>et</strong></span> <span class='ocrx_word' id='word_1_174' title='bbox 854 2932 1065 3020; x_wconf 87' lang='lat' dir='ltr'><strong>inconspicua</strong></span> <span class='ocrx_word' id='word_1_175' title='bbox 1082 2949 1236 3020; x_wconf 88' lang='lat' dir='ltr'><strong>apparet;</strong></span> <span class='ocrx_word' id='word_1_176' title='bbox 1261 2933 1352 2997; x_wconf 84' lang='lat' dir='ltr'><strong>adest</strong></span> <span class='ocrx_word' id='word_1_177' title='bbox 1374 2950 1498 3006; x_wconf 85' lang='lat' dir='ltr'><strong>tamen,</strong></span> <span class='ocrx_word' id='word_1_178' title='bbox 1528 2929 1584 2994; x_wconf 86' lang='lat' dir='ltr'><strong>fila</strong></span> <span class='ocrx_word' id='word_1_179' title='bbox 1605 2931 1661 2994; x_wconf 92' lang='lat' dir='ltr'><strong>in·</strong></span> 
     </span>
     <span class='ocr_line' id='line_1_21' title="bbox 226 3030 1661 3124; baseline -0.002 -23"><span class='ocrx_word' id='word_1_180' title='bbox 226 3037 321 3101; x_wconf 83' lang='lat' dir='ltr'><strong>vicem</strong></span> <span class='ocrx_word' id='word_1_181' title='bbox 334 3037 526 3117; x_wconf 84' lang='lat' dir='ltr'><strong>continens;</strong></span> <span class='ocrx_word' id='word_1_182' title='bbox 550 3059 626 3098; x_wconf 86' lang='lat' dir='ltr'><strong>nam</strong></span> <span class='ocrx_word' id='word_1_183' title='bbox 632 3034 799 3120; x_wconf 80' lang='lat' dir='ltr'><strong>Kolpodoe</strong></span> <span class='ocrx_word' id='word_1_184' title='bbox 813 3050 845 3096; x_wconf 90' lang='lat' dir='ltr'><strong>ot</strong></span> <span class='ocrx_word' id='word_1_185' title='bbox 859 3031 920 3095; x_wconf 88' lang='lat' dir='ltr'><strong>alia</strong></span> <span class='ocrx_word' id='word_1_186' title='bbox 934 3031 1126 3097; x_wconf 87' lang='lat' dir='ltr'><strong>animalcula</strong></span> <span class='ocrx_word' id='word_1_187' title='bbox 1141 3034 1311 3114; x_wconf 82' lang='lat' dir='ltr'><strong>infusoria,</strong></span> <span class='ocrx_word' id='word_1_188' title='bbox 1334 3057 1405 3122; x_wconf 85' lang='lat' dir='ltr'><strong>qvae</strong></span> <span class='ocrx_word' id='word_1_189' title='bbox 1420 3030 1511 3124; x_wconf 65' lang='lat' dir='ltr'><strong>cirea</strong></span> <span class='ocrx_word' id='word_1_190' title='bbox 1521 3055 1661 3098; x_wconf 83' lang='lat' dir='ltr'><strong>massam</strong></span> 
     </span>
     <span class='ocr_line' id='line_1_22' title="bbox 228 3135 1582 3224; baseline -0.001 -22"><span class='ocrx_word' id='word_1_191' title='bbox 228 3138 288 3204; x_wconf 89' lang='lat' dir='ltr'><strong>huc</strong></span> <span class='ocrx_word' id='word_1_192' title='bbox 302 3139 379 3205; x_wconf 88' lang='lat' dir='ltr'><strong>illuc</strong></span> <span class='ocrx_word' id='word_1_193' title='bbox 398 3139 484 3205; x_wconf 83' lang='lat' dir='ltr'><strong>lorte</strong></span> <span class='ocrx_word' id='word_1_194' title='bbox 496 3156 671 3223; x_wconf 82' lang='lat' dir='ltr'><strong>vagantur,</strong></span> <span class='ocrx_word' id='word_1_195' title='bbox 696 3135 751 3201; x_wconf 86' lang='lat' dir='ltr'><strong>fila</strong></span> <span class='ocrx_word' id='word_1_196' title='bbox 769 3153 844 3201; x_wconf 87' lang='lat' dir='ltr'><strong>ante</strong></span> <span class='ocrx_word' id='word_1_197' title='bbox 859 3153 1009 3212; x_wconf 89' lang='lat' dir='ltr'><strong>movent,</strong></span> <span class='ocrx_word' id='word_1_198' title='bbox 1039 3147 1137 3224; x_wconf 86' lang='lat' dir='ltr'><strong>qvam</strong></span> <span class='ocrx_word' id='word_1_199' title='bbox 1150 3160 1188 3200; x_wconf 87' lang='lat' dir='ltr'><strong>ea</strong></span> <span class='ocrx_word' id='word_1_200' title='bbox 1204 3136 1390 3202; x_wconf 86' lang='lat' dir='ltr'><strong>immediate</strong></span> <span class='ocrx_word' id='word_1_201' title='bbox 1409 3137 1582 3220; x_wconf 82' lang='lat' dir='ltr'><strong>tetigerint.</strong></span> 
     </span>
    </p>
   </div>
   <div class='ocr_carea' id='block_1_9' title="bbox 110 3376 1857 3611">
    <p class='ocr_par' dir='ltr' id='par_1_9' title="bbox 110 3376 1857 3611">
     <span class='ocr_line' id='line_1_23' title="bbox 170 3376 1857 3480; baseline -0.004 -24"><span class='ocrx_word' id='word_1_202' title='bbox 170 3391 200 3464; x_wconf 88' lang='lat'><strong>7.</strong></span> <span class='ocrx_word' id='word_1_203' title='bbox 246 3386 291 3456; x_wconf 93' lang='lat' dir='ltr'><strong>N.</strong></span> <span class='ocrx_word' id='word_1_204' title='bbox 305 3384 398 3458; x_wconf 85' lang='lat' dir='ltr'><strong>Flos</strong></span> <span class='ocrx_word' id='word_1_205' title='bbox 421 3407 551 3480; x_wconf 74' lang='lat' dir='ltr'><strong>nqvoe5</strong></span> <span class='ocrx_word' id='word_1_206' title='bbox 572 3384 703 3459; x_wconf 82' lang='lat' dir='ltr'><strong>fronde</strong></span> <span class='ocrx_word' id='word_1_207' title='bbox 724 3395 891 3478; x_wconf 84' lang='lat' dir='ltr'><strong>spumea,</strong></span> <span class='ocrx_word' id='word_1_208' title='bbox 916 3376 1130 3477; x_wconf 87' lang='lat' dir='ltr'><strong>gelatinosa,</strong></span> <span class='ocrx_word' id='word_1_209' title='bbox 1155 3380 1315 3473; x_wconf 86' lang='lat' dir='ltr'><strong>lubrica,</strong></span> <span class='ocrx_word' id='word_1_210' title='bbox 1337 3380 1443 3454; x_wconf 84' lang='lat' dir='ltr'><strong>facile</strong></span> <span class='ocrx_word' id='word_1_211' title='bbox 1461 3379 1661 3467; x_wconf 80' lang='lat' dir='ltr'><strong>secedente,</strong></span> <span class='ocrx_word' id='word_1_212' title='bbox 1685 3390 1777 3463; x_wconf 63' lang='lat' dir='ltr'><strong>Tab,</strong></span> <span class='ocrx_word' id='word_1_213' title='bbox 1795 3392 1857 3475; x_wconf 57' lang='lat'><strong>634</strong></span> 
     </span>
     <span class='ocr_line' id='line_1_24' title="bbox 110 3515 1400 3611; baseline -0.002 -24"><span class='ocrx_word' id='word_1_214' title='bbox 110 3516 252 3588; x_wconf 79' lang='lat' dir='ltr'><strong>coerulea</strong></span> <span class='ocrx_word' id='word_1_215' title='bbox 259 3546 269 3611; x_wconf 84' lang='lat'><em>3</em></span> <span class='ocrx_word' id='word_1_216' title='bbox 294 3521 363 3591; x_wconf 86' lang='lat' dir='ltr'><strong>filis</strong></span> <span class='ocrx_word' id='word_1_217' title='bbox 375 3524 526 3591; x_wconf 88' lang='lat' dir='ltr'><strong>internis</strong></span> <span class='ocrx_word' id='word_1_218' title='bbox 541 3520 780 3611; x_wconf 88' lang='lat' dir='ltr'><strong>simplicibus,</strong></span> <span class='ocrx_word' id='word_1_219' title='bbox 805 3523 980 3601; x_wconf 69' lang='lat' dir='ltr'><strong>curuatis,</strong></span> <span class='ocrx_word' id='word_1_220' title='bbox 1007 3515 1317 3588; x_wconf 87' lang='lat' dir='ltr'><strong>moniliformibus.</strong></span> <span class='ocrx_word' id='word_1_221' title='bbox 1343 3597 1347 3602; x_wconf 12' lang='grc' dir='ltr'>ι</span> <span class='ocrx_word' id='word_1_222' title='bbox 1398 3541 1400 3544; x_wconf 89' lang='grc'><strong><em>·</em></strong></span> 
     </span>
    </p>
   </div>
   <div class='ocr_carea' id='block_1_10' title="bbox 221 3675 1659 3822">
    <p class='ocr_par' dir='ltr' id='par_1_10' title="bbox 221 3675 1659 3822">
     <span class='ocr_line' id='line_1_25' title="bbox 221 3675 1659 3822; baseline -0.001 -87"><span class='ocrx_word' id='word_1_223' title='bbox 221 3681 410 3817; x_wconf 50' lang='grc' dir='ltr'><strong>Βῃεγιιῦὴζὶοέ</strong></span> <span class='ocrx_word' id='word_1_224' title='bbox 434 3682 627 3822; x_wconf 41' lang='grc' dir='ltr'><strong>αρᾳνῖὄῐψίιιη.</strong></span> <span class='ocrx_word' id='word_1_225' title='bbox 654 3682 724 3752; x_wconf 76' lang='lat' dir='ltr'><strong>Syst.</strong></span> <span class='ocrx_word' id='word_1_226' title='bbox 749 3698 806 3738; x_wconf 81' lang='lat' dir='ltr'><strong>nat.</strong></span> <span class='ocrx_word' id='word_1_227' title='bbox 831 3700 864 3742; x_wconf 78' lang='lat' dir='ltr'><strong>a,</strong></span> <span class='ocrx_word' id='word_1_228' title='bbox 890 3701 918 3754; x_wconf 87' lang='lat' dir='ltr'><strong>p.</strong></span> <span class='ocrx_word' id='word_1_229' title='bbox 943 3699 1003 3750; x_wconf 76' lang='lat'><strong>72¹·</strong></span> <span class='ocrx_word' id='word_1_230' title='bbox 1032 3707 1068 3721; x_wconf 90' lang='lat'><strong>·-</strong></span> <span class='ocrx_word' id='word_1_231' title='bbox 1092 3675 1182 3734; x_wconf 73' lang='lat' dir='ltr'><strong>nuda.</strong></span> <span class='ocrx_word' id='word_1_232' title='bbox 1202 3697 1230 3750; x_wconf 88' lang='lat' dir='ltr'><strong>p.</strong></span> <span class='ocrx_word' id='word_1_233' title='bbox 1248 3680 1307 3746; x_wconf 80' lang='lat'><strong>604.</strong></span> <span class='ocrx_word' id='word_1_234' title='bbox 1328 3705 1361 3722; x_wconf 88' lang='lat'><strong>-·</strong></span> <span class='ocrx_word' id='word_1_235' title='bbox 1377 3676 1479 3748; x_wconf 71' lang='lat' dir='ltr'><strong>Lightf.</strong></span> <span class='ocrx_word' id='word_1_236' title='bbox 1499 3695 1526 3748; x_wconf 84' lang='lat' dir='ltr'><strong>p·</strong></span> <span class='ocrx_word' id='word_1_237' title='bbox 1546 3693 1606 3749; x_wconf 82' lang='lat'><strong>999.</strong></span> <span class='ocrx_word' id='word_1_238' title='bbox 1623 3703 1659 3717; x_wconf 92' lang='grc'><strong>-·</strong></span> 
     </span>
    </p>
   </div>
   <div class='ocr_carea' id='block_1_11' title="bbox 101 3886 1698 4825">
    <p class='ocr_par' dir='ltr' id='par_1_11' title="bbox 104 3886 1657 3982">
     <span class='ocr_line' id='line_1_26' title="bbox 104 3886 1657 3982; baseline -0.003 -23"><span class='ocrx_word' id='word_1_239' title='bbox 104 3888 237 3960; x_wconf 81' lang='lat' dir='ltr'><strong>Habitat</strong></span> <span class='ocrx_word' id='word_1_240' title='bbox 250 3895 289 3960; x_wconf 89' lang='lat' dir='ltr'><strong>in</strong></span> <span class='ocrx_word' id='word_1_241' title='bbox 306 3893 442 3982; x_wconf 83' lang='lat' dir='ltr'><strong>stagnis</strong></span> <span class='ocrx_word' id='word_1_242' title='bbox 460 3891 629 3960; x_wconf 78' lang='lat' dir='ltr'><strong>Cimbrice</strong></span> <span class='ocrx_word' id='word_1_243' title='bbox 643 3912 757 3980; x_wconf 86' lang='lat' dir='ltr'><strong>prope</strong></span> <span class='ocrx_word' id='word_1_244' title='bbox 766 3886 953 3979; x_wconf 80' lang='lat' dir='ltr'><strong>Sillreborg</strong></span> <span class='ocrx_word' id='word_1_245' title='bbox 970 3899 1006 3956; x_wconf 86' lang='lat' dir='ltr'><strong>et</strong></span> <span class='ocrx_word' id='word_1_246' title='bbox 1020 3887 1106 3956; x_wconf 90' lang='lat' dir='ltr'><strong>alibi</strong></span> <span class='ocrx_word' id='word_1_247' title='bbox 1120 3890 1284 3979; x_wconf 80' lang='lat' dir='ltr'><strong>copiose3</strong></span> <span class='ocrx_word' id='word_1_248' title='bbox 1302 3886 1657 3957; x_wconf 72' lang='lat' dir='ltr'><strong>Proi‘Homemonn</strong></span> 
     </span>
    </p>

    <p class='ocr_par' dir='ltr' id='par_1_12' title="bbox 101 4019 1698 4249">
     <span class='ocr_line' id='line_1_27' title="bbox 104 4019 1698 4116; baseline -0.002 -25"><span class='ocrx_word' id='word_1_249' title='bbox 104 4023 342 4113; x_wconf 83' lang='lat' dir='ltr'><strong>etHosmonn</strong></span> <span class='ocrx_word' id='word_1_250' title='bbox 360 4023 483 4114; x_wconf 78' lang='lat' dir='ltr'><strong>Bang.</strong></span> <span class='ocrx_word' id='word_1_251' title='bbox 511 4060 560 4077; x_wconf 82' lang='lat'>-</span> <span class='ocrx_word' id='word_1_252' title='bbox 580 4019 637 4092; x_wconf 82' lang='lat' dir='ltr'><strong>Ad</strong></span> <span class='ocrx_word' id='word_1_253' title='bbox 651 4022 918 4116; x_wconf 82' lang='lat' dir='ltr'><strong>Hofmansgave</strong></span> <span class='ocrx_word' id='word_1_254' title='bbox 930 4021 1078 4110; x_wconf 88' lang='lat' dir='ltr'><strong>Fioniae,</strong></span> <span class='ocrx_word' id='word_1_255' title='bbox 1100 4019 1300 4110; x_wconf 86' lang='lat' dir='ltr'><strong>superficiei</strong></span> <span class='ocrx_word' id='word_1_256' title='bbox 1315 4041 1414 4113; x_wconf 83' lang='lat' dir='ltr'><strong>aqvae</strong></span> <span class='ocrx_word' id='word_1_257' title='bbox 1432 4020 1543 4091; x_wconf 89' lang='lat' dir='ltr'><strong>dulcis</strong></span> <span class='ocrx_word' id='word_1_258' title='bbox 1557 4031 1658 4112; x_wconf 85' lang='lat' dir='ltr'><strong>stag-</strong></span> <span class='ocrx_word' id='word_1_259' title='bbox 1692 4027 1698 4042; x_wconf 92' lang='grc'><strong>’</strong></span> 
     </span>
     <span class='ocr_line' id='line_1_28' title="bbox 101 4141 1068 4249; baseline 0 -23"><span class='ocrx_word' id='word_1_260' title='bbox 101 4155 211 4226; x_wconf 73' lang='lat' dir='ltr'><strong>nantis</strong></span> <span class='ocrx_word' id='word_1_261' title='bbox 224 4161 365 4249; x_wconf 89' lang='lat' dir='ltr'><strong>copiose</strong></span> <span class='ocrx_word' id='word_1_262' title='bbox 380 4143 605 4228; x_wconf 82' lang='lat' dir='ltr'><strong>innatantem</strong></span> <span class='ocrx_word' id='word_1_263' title='bbox 620 4160 751 4240; x_wconf 68' lang='lat' dir='ltr'><strong>inveni.</strong></span> <span class='ocrx_word' id='word_1_264' title='bbox 794 4141 797 4148; x_wconf 37' lang='lat'>¹</span> <span class='ocrx_word' id='word_1_265' title='bbox 1061 4145 1068 4156; x_wconf 56' lang='lat'><strong><em>⁹</em></strong></span> 
     </span>
    </p>

    <p class='ocr_par' dir='ltr' id='par_1_13' title="bbox 137 4305 1655 4410">
     <span class='ocr_line' id='line_1_29' title="bbox 137 4305 1655 4410; baseline -0.005 -28"><span class='ocrx_word' id='word_1_266' title='bbox 137 4318 259 4385; x_wconf 86' lang='lat' dir='ltr'><strong>DESC.</strong></span> <span class='ocrx_word' id='word_1_267' title='bbox 307 4319 410 4384; x_wconf 82' lang='lat' dir='ltr'><strong>Frons</strong></span> <span class='ocrx_word' id='word_1_268' title='bbox 424 4320 649 4384; x_wconf 86' lang='lat' dir='ltr'><strong>membranam</strong></span> <span class='ocrx_word' id='word_1_269' title='bbox 660 4319 712 4386; x_wconf 81' lang='lat' dir='ltr'><strong>vel</strong></span> <span class='ocrx_word' id='word_1_270' title='bbox 727 4342 875 4410; x_wconf 87' lang='lat' dir='ltr'><strong>spumam</strong></span> <span class='ocrx_word' id='word_1_271' title='bbox 891 4318 1111 4402; x_wconf 84' lang='lat' dir='ltr'><strong>gelatinosam,</strong></span> <span class='ocrx_word' id='word_1_272' title='bbox 1137 4316 1308 4398; x_wconf 87' lang='lat' dir='ltr'><strong>lubricam,</strong></span> <span class='ocrx_word' id='word_1_273' title='bbox 1327 4331 1462 4407; x_wconf 69' lang='lat' dir='ltr'><strong>,captatu</strong></span> <span class='ocrx_word' id='word_1_274' title='bbox 1479 4305 1655 4392; x_wconf 85' lang='lat' dir='ltr'><strong>difficilem,</strong></span> 
     </span>
    </p>

    <p class='ocr_par' dir='ltr' id='par_1_14' title="bbox 217 4415 1657 4514">
     <span class='ocr_line' id='line_1_30' title="bbox 217 4415 1657 4514; baseline -0.004 -29"><span class='ocrx_word' id='word_1_275' title='bbox 217 4441 354 4488; x_wconf 86' lang='lat' dir='ltr'><strong>amoene</strong></span> <span class='ocrx_word' id='word_1_276' title='bbox 368 4423 566 4502; x_wconf 77' lang='lat' dir='ltr'><strong>coeruleum,</strong></span> <span class='ocrx_word' id='word_1_277' title='bbox 590 4449 679 4514; x_wconf 70' lang='lat' dir='ltr'><strong>aquae</strong></span> <span class='ocrx_word' id='word_1_278' title='bbox 693 4424 877 4513; x_wconf 85' lang='lat' dir='ltr'><strong>superficiei</strong></span> <span class='ocrx_word' id='word_1_279' title='bbox 893 4425 1092 4488; x_wconf 86' lang='lat' dir='ltr'><strong>innatantem</strong></span> <span class='ocrx_word' id='word_1_280' title='bbox 1107 4423 1219 4488; x_wconf 81' lang='lat' dir='ltr'><strong>refert.</strong></span> <span class='ocrx_word' id='word_1_281' title='bbox 1267 4415 1362 4486; x_wconf 78' lang='lat' dir='ltr'><strong>Lenti</strong></span> <span class='ocrx_word' id='word_1_282' title='bbox 1377 4421 1515 4483; x_wconf 83' lang='lat' dir='ltr'><strong>maxime</strong></span> <span class='ocrx_word' id='word_1_283' title='bbox 1528 4415 1657 4500; x_wconf 85' lang='lat' dir='ltr'><strong>augenti</strong></span> 
     </span>
    </p>

    <p class='ocr_par' dir='ltr' id='par_1_15' title="bbox 214 4520 1657 4617">
     <span class='ocr_line' id='line_1_31' title="bbox 214 4520 1657 4617; baseline -0.006 -25"><span class='ocrx_word' id='word_1_284' title='bbox 214 4527 359 4610; x_wconf 85' lang='lat' dir='ltr'><strong>subjecta</strong></span> <span class='ocrx_word' id='word_1_285' title='bbox 373 4526 427 4592; x_wconf 84' lang='lat' dir='ltr'><strong>fila</strong></span> <span class='ocrx_word' id='word_1_286' title='bbox 445 4529 691 4616; x_wconf 87' lang='lat' dir='ltr'><strong>conspiciuntur</strong></span> <span class='ocrx_word' id='word_1_287' title='bbox 712 4526 888 4617; x_wconf 87' lang='lat' dir='ltr'><strong>simplicia,</strong></span> <span class='ocrx_word' id='word_1_288' title='bbox 912 4543 1061 4604; x_wconf 87' lang='lat' dir='ltr'><strong>curvata,</strong></span> <span class='ocrx_word' id='word_1_289' title='bbox 1092 4523 1314 4615; x_wconf 86' lang='lat' dir='ltr'><strong>pulcherrime</strong></span> <span class='ocrx_word' id='word_1_290' title='bbox 1329 4523 1491 4600; x_wconf 81' lang='lat' dir='ltr'><strong>flexuosa,</strong></span> <span class='ocrx_word' id='word_1_291' title='bbox 1523 4520 1657 4586; x_wconf 79' lang='lat' dir='ltr'><strong>etinvi-</strong></span> 
     </span>
    </p>

    <p class='ocr_par' dir='ltr' id='par_1_16' title="bbox 216 4622 1657 4720">
     <span class='ocr_line' id='line_1_32' title="bbox 216 4622 1657 4720; baseline -0.007 -24"><span class='ocrx_word' id='word_1_292' title='bbox 216 4655 285 4696; x_wconf 87' lang='lat' dir='ltr'><strong>cem</strong></span> <span class='ocrx_word' id='word_1_293' title='bbox 310 4632 475 4720; x_wconf 74' lang='lat' dir='ltr'><strong>gyrantia.</strong></span> <span class='ocrx_word' id='word_1_294' title='bbox 507 4630 751 4700; x_wconf 84' lang='lat' dir='ltr'><strong>moniliformia.</strong></span> <span class='ocrx_word' id='word_1_295' title='bbox 806 4628 944 4696; x_wconf 87' lang='lat' dir='ltr'><strong>Articuli</strong></span> <span class='ocrx_word' id='word_1_296' title='bbox 969 4628 1128 4696; x_wconf 89' lang='lat' dir='ltr'><strong>diametro</strong></span> <span class='ocrx_word' id='word_1_297' title='bbox 1151 4624 1309 4716; x_wconf 70' lang='lat' dir='ltr'><strong>aeques,</strong></span> <span class='ocrx_word' id='word_1_298' title='bbox 1339 4623 1492 4694; x_wconf 86' lang='lat' dir='ltr'><strong>nonnulli</strong></span> <span class='ocrx_word' id='word_1_299' title='bbox 1514 4622 1657 4712; x_wconf 28' lang='lat' dir='ltr'><strong>hiclillic</strong></span> 
     </span>
    </p>

    <p class='ocr_par' dir='ltr' id='par_1_17' title="bbox 190 4725 1656 4825">
     <span class='ocr_line' id='line_1_33' title="bbox 190 4725 1656 4825; baseline -0.005 -29"><span class='ocrx_word' id='word_1_300' title='bbox 190 4736 332 4812; x_wconf 70' lang='lat' dir='ltr'><strong>,ceteris</strong></span> <span class='ocrx_word' id='word_1_301' title='bbox 348 4740 499 4819; x_wconf 73' lang='lat' dir='ltr'><strong>maiores.</strong></span> <span class='ocrx_word' id='word_1_302' title='bbox 546 4735 649 4802; x_wconf 88' lang='lat' dir='ltr'><strong>Color</strong></span> <span class='ocrx_word' id='word_1_303' title='bbox 668 4731 790 4825; x_wconf 86' lang='lat' dir='ltr'><strong>pallide</strong></span> <span class='ocrx_word' id='word_1_304' title='bbox 804 4733 982 4800; x_wconf 86' lang='lat' dir='ltr'><strong>coeruleus.</strong></span> <span class='ocrx_word' id='word_1_305' title='bbox 1030 4733 1217 4798; x_wconf 88' lang='lat' dir='ltr'><strong>Substantia</strong></span> <span class='ocrx_word' id='word_1_306' title='bbox 1232 4727 1417 4815; x_wconf 82' lang='lat' dir='ltr'><strong>gelatinosa,</strong></span> <span class='ocrx_word' id='word_1_307' title='bbox 1442 4725 1579 4805; x_wconf 87' lang='lat' dir='ltr'><strong>lubrica,</strong></span> <span class='ocrx_word' id='word_1_308' title='bbox 1604 4725 1656 4791; x_wconf 84' lang='lat' dir='ltr'><strong>sa-</strong></span> 
     </span>
    </p>
   </div>
   <div class='ocr_carea' id='block_1_12' title="bbox 212 4830 1655 5032">
    <p class='ocr_par' dir='ltr' id='par_1_18' title="bbox 212 4830 1655 5032">
     <span class='ocr_line' id='line_1_34' title="bbox 213 4830 1655 4920; baseline -0.007 -17"><span class='ocrx_word' id='word_1_309' title='bbox 213 4837 337 4904; x_wconf 90' lang='lat' dir='ltr'><strong>cillimc</strong></span> <span class='ocrx_word' id='word_1_310' title='bbox 351 4838 516 4905; x_wconf 84' lang='lat' dir='ltr'><strong>secedens.</strong></span> <span class='ocrx_word' id='word_1_311' title='bbox 564 4839 693 4905; x_wconf 78' lang='lat' dir='ltr'><strong>Annua.</strong></span> <span class='ocrx_word' id='word_1_312' title='bbox 740 4840 826 4907; x_wconf 84' lang='lat' dir='ltr'><strong>Vere</strong></span> <span class='ocrx_word' id='word_1_313' title='bbox 843 4855 875 4902; x_wconf 93' lang='lat' dir='ltr'><strong>et</strong></span> <span class='ocrx_word' id='word_1_314' title='bbox 889 4854 1007 4914; x_wconf 64' lang='lat' dir='ltr'><strong>astate.</strong></span> <span class='ocrx_word' id='word_1_315' title='bbox 1062 4837 1191 4920; x_wconf 56' lang='lat' dir='ltr'><strong>Charta</strong></span> <span class='ocrx_word' id='word_1_316' title='bbox 1215 4850 1302 4900; x_wconf 90' lang='lat' dir='ltr'><strong>arcte</strong></span> <span class='ocrx_word' id='word_1_317' title='bbox 1326 4832 1469 4898; x_wconf 80' lang='lat' dir='ltr'><strong>adhaere&#39;t</strong></span> <span class='ocrx_word' id='word_1_318' title='bbox 1486 4849 1522 4902; x_wconf 75' lang='lat' dir='ltr'><strong>„et</strong></span> <span class='ocrx_word' id='word_1_319' title='bbox 1538 4830 1655 4900; x_wconf 82' lang='lat' dir='ltr'><strong>siccata</strong></span> 
     </span>
     <span class='ocr_line' id='line_1_35' title="bbox 212 4930 1493 5032; baseline -0.007 -22"><span class='ocrx_word' id='word_1_320' title='bbox 212 4941 360 5010; x_wconf 78' lang='lat' dir='ltr'><strong>maculas</strong></span> <span class='ocrx_word' id='word_1_321' title='bbox 380 4930 453 5010; x_wconf 68' lang='lat' dir='ltr'><strong>l&#39;oete</strong></span> <span class='ocrx_word' id='word_1_322' title='bbox 470 4940 635 5012; x_wconf 75' lang='lat' dir='ltr'><strong>coeruleus</strong></span> <span class='ocrx_word' id='word_1_323' title='bbox 650 4940 702 5011; x_wconf 86' lang='lat' dir='ltr'><strong>vel</strong></span> <span class='ocrx_word' id='word_1_324' title='bbox 720 4943 914 5032; x_wconf 73' lang='lat' dir='ltr'><strong>eruginosas</strong></span> <span class='ocrx_word' id='word_1_325' title='bbox 931 4941 1080 5024; x_wconf 65' lang='lat' dir='ltr'><strong>exhibet,</strong></span> <span class='ocrx_word' id='word_1_326' title='bbox 1102 4940 1245 5028; x_wconf 78' lang='lat' dir='ltr'><strong>siccitate</strong></span> <span class='ocrx_word' id='word_1_327' title='bbox 1260 4962 1328 5005; x_wconf 90' lang='lat' dir='ltr'><strong>non</strong></span> <span class='ocrx_word' id='word_1_328' title='bbox 1340 4953 1493 5024; x_wconf 84' lang='lat' dir='ltr'><strong>mutatur.</strong></span> 
     </span>
    </p>
   </div>
   <div class='ocr_carea' id='block_1_13' title="bbox 1180 5094 1262 5177">
    <p class='ocr_par' dir='ltr' id='par_1_19' title="bbox 1180 5094 1262 5177">
     <span class='ocr_line' id='line_1_36' title="bbox 1180 5094 1262 5177; baseline 0.11 -15"><span class='ocrx_word' id='word_1_329' title='bbox 1180 5094 1262 5177; x_wconf 82' lang='lat' dir='ltr'><strong>(ao)</strong></span> 
     </span>
    </p>
   </div>
   <div class='ocr_carea' id='block_1_14' title="bbox 0 0 2268 5842">
    <p class='ocr_par' dir='ltr' id='par_1_20' title="bbox 0 0 2268 5842">
     <span class='ocr_line' id='line_1_37' title="bbox 0 0 2268 5842; baseline 0 4"><span class='ocrx_word' id='word_1_330' title='bbox 0 0 2268 5842; x_wconf 95' lang='lat' dir='ltr'><strong> </strong></span> 
     </span>
    </p>
   </div>
  </div>
 </body>
</html>
