4525 5842
560 366 732 439 sEcho
758 367 958 459 QVINTA.
1007 369 1250 456 DIATOMA,

217 570 390 628 Rucuma
408 588 560 626 arenosum
578 573 617 630 tt.
636 573 790 632 dan.'Tab.
812 586 887 646 1598.
907 575 952 647 fig.
971 593 999 630 a.

293 699 357 759 '⁸⁴
390 673 532 748 ,rigidum
548 676 675 732 Decaud.
695 669 722 733 ll.
741 676 774 729 lr-
793 695 826 739 a,
856 696 886 748 p·
902 675 960 748 49?

84 858 244 932 Habitat
266 864 321 933 ad
344 863 448 935 littus
469 865 608 934 Fioniae
631 865 911 959 septentrionale
929 865 1094 939 Ceramia
1115 871 1228 944 rubro
1248 884 1286 946 et
1314 873 1482 972 elongato
1501 863 1693 972 parasiti&

85 999 274 1088 insidens,
305 996 377 1068 hic
393 997 467 1067 illic
489 1001 643 1089 copiose.
659 1043 662 1049 -

142 1238 271 1306 DESC.
339 1237 415 1304 Fila
438 1236 634 1328 plerumque
652 1237 812 1320 solitaria,
843 1240 1023 1332 simplicia,
1052 1242 1168 1334 plana,
1204 1248 1327 1333 rigida,
1362 1266 1510 1332 arcuata,
1542 1253 1692 1343 aequalia,

232 1340 339 1409 oculo
359 1341 470 1421 nudo,
493 1360 645 1432 tanqvam
658 1344 816 1432 punctulo
830 1344 978 1429 elongata
994 1349 1145 1428 nitentia,
1170 1352 1358 1441 conspicua
1405 1355 1547 1421 Articuli
1562 1358 1690 1424 diame-

234 1464 291 1513 tro
317 1444 540 1536 suhaeqvales,
572 1446 738 1536 quadrati,
765 1451 854 1516 striis
874 1451 1143 1517 transversalibus
1163 1451 1361 1521 densissimis
1380 1455 1603 1546 pulcherrime
1623 1486 1689 1527 no-

236 1553 318 1632 tati3
356 1549 501 1633 granulis
524 1550 674 1617 rotundis
696 1550 870 1641 pellucidis
901 1555 988 1620 inter
1010 1557 1104 1622 strias
1129 1555 1307 1624 collocatis.
1369 1558 1471 1627 Color
1499 1561 1688 1631 flavescens.

240 1654 369 1744 Hyeme
393 1670 426 1717 et
445 1677 533 1718 vere.

149 1835 246 1903 OBS.
294 1837 386 1901 Hanc
402 1838 546 1926 speciem
560 1837 660 1920 Algos
672 1842 855 1906 nominatas
872 1858 958 1906 tanta
974 1842 1140 1907 interdum
1155 1843 1250 1933 copia
1268 1845 1430 1911 obvestire
1445 1847 1533 1927 vidi,
1556 1866 1594 1915 ut
1606 1850 1690 1932 iste,

240 1964 316 2005 cum
330 1943 496 2005 exsiccatae
512 1940 651 2018 luerint,
675 1946 783 2009 crusti
805 1944 877 2010 alba
890 1946 1049 2034 pruinosi
1064 1946 1215 2011 obductae
1228 1946 1429 2014 viderentur.
1452 1985 1494 1999 -
1515 1951 1566 2016 De
1584 1976 1687 2042 syno-

240 2068 341 2134 nymo
353 2044 591 2126 Decondollii,
617 2046 821 2136 quodmodo
842 2072 881 2113 es
896 2051 1084 2132 conjectura
1097 2045 1220 2131 adjeci,
1245 2048 1446 2141 aliquantum
1462 2052 1640 2121 dubitatur.

179 2429 218 2501 7.
266 2424 321 2493 D
342 2375 589 2519 obliquatum5
615 2424 684 2494 filis
706 2421 1012 2514 subsimplicibus,
1043 2422 1180 2513 planis,
1204 2427 1419 2516 ooespitosis,
1447 2426 1685 2502 luscescenti-
1709 2434 1801 2509 Tob.
1821 2442 1882 2523 62.

104 2553 202 2645 bus,
229 2555 386 2625 articulis
405 2560 573 2629 diametro
595 2556 950 2654 sesquilongioribns,
977 2555 1144 2650 obliquis,
1170 2555 1283 2627 fascia
1299 2557 1480 2705 pellucido
1498 2570 1684 2633 uansver-
1719 2583 1820 2674 κκς·
1828 2589 1896 2670 'a

106 2686 182 2757 sali
198 2698 405 2782 punctoqve
420 2695 559 2763 notatis

245 2883 394 2956 Conserva
415 2887 568 2958 obliquata
586 2890 628 2944 En
630 2890 665 2961 gl.
684 2890 742 2944 bot.
762 2886 833 2942 'rats
856 2843 1233 2958 1889l-Dillu.1ntrod
1256 2896 1350 2956 11.ss

109 3059 260 3129 Habitat
274 3062 320 3129 ad
332 3062 455 3134 littora
469 3067 674 3135 Feeroensia
695 3064 856 3156 apicibus
875 3061 1263 3151 Thalassiophytorum
1279 3065 1517 3158 quorumdum,
1542 3078 1585 3137 ut
1600 3069 1686 3138 Pti-

109 3192 199 3262 lotae
212 3192 397 3286 plumosae,
420 3198 595 3269 Plocomii
611 3200 782 3289 coccinei,
806 3194 1020 3267 Delesseriae
1039 3192 1143 3314 elatee
1161 3202 1199 3262 et
1213 3193 1366 3262 sinuosae
1381 3201 1604 3316 parasitice'
1592 3203 1688 3270 msi-

83 3401 89 3412 ,
110 3325 220 3416 dens,
243 3326 303 3397 hic
317 3328 388 3400 illio
408 3334 667 3424 copiosissime.

150 3566 275 3635 DESC.
322 3571 396 3637 Fila
418 3574 590 3665 caespitose
606 3591 775 3660 congesta,
804 3571 921 3665 plana,
952 3588 985 3637 et
1004 3569 1081 3636 licet
1103 3570 1169 3636 sint
1189 3570 1420 3651 minutissima,
1449 3553 1553 3638 oculis
1574 3590 1689 3640 umen

235 3673 352 3749 nudis,
374 3678 432 3741 ubi
448 3677 545 3767 copia
561 3678 695 3756 adsunt,
717 3679 801 3744 bene
816 3678 1010 3766 conspicua,
1035 3674 1216 3765 simplicia,
1244 3672 1298 3741 vel
1317 3676 1361 3741 ob
1382 3674 1579 3766 singularem
1600 3678 1683 3740 arti-

235 3778 385 3844 culorem
398 3780 634 3860 cohaesionem,
659 3783 686 3845 si
700 3783 813 3858 mavis,
836 3803 976 3844 ramosa.
1017 3775 1159 3844 Articuli
1175 3776 1334 3844 diametro
1349 3775 1488 3866 aequales
1501 3775 1553 3841 vel
1568 3777 1684 3844 eadem

235 3878 316 3970 tplo
337 3882 523 3967 longiores,
548 3884 590 3949 ad
612 3901 787 3974 utrumque
802 3882 901 3947 finem
915 3877 1059 3968 obliqui,
1087 3877 1197 3943 medio
1219 3879 1318 3946 loscio
1333 3878 1498 3971 pellucido
1514 3897 1685 3948 transver-

231 3983 295 4049 sali
315 4011 404 4052 nume
425 4004 513 4052 recta
532 4011 620 4052 minc
638 3987 772 4078 obliqua
791 3987 914 4058 notati,
953 3999 986 4048 et
1006 3999 1165 4073 praetcrea
1185 4001 1311 4073 puncto
1331 3985 1540 4075 plerumque.
1547 4010 1685 4054 rosaceo

235 4088 347 4155 medio
362 4091 461 4179 picti,
483 4116 501 4155 a
523 4090 621 4156 fascia
636 4114 738 4180 usque
758 4089 966 4155 transversim
986 4087 1109 4163 striati,
1140 4088 1330 4178 angulisque
1344 4089 1594 4156 acutiusculis
1568 4113 1685 4174 singu·

134 4231 142 4240 ι
238 4189 303 4255 lari
317 4191 417 4260 modo
431 4194 649 4274 cohaerentes,
674 4192 765 4283 qvod
779 4218 818 4259 ex
833 4190 1049 4270 delineatione
1063 4189 1197 4271 melius,
1220 4214 1317 4282 qvam
1330 4217 1370 4257 ex
1385 4191 1604 4286 descriptione
1617 4215 1685 4282 pa-

242 4295 335 4359 tebit.
379 4296 481 4364 Color
492 4299 631 4363 recentis
650 4296 752 4362 dilute
774 4294 901 4375 fuscus,
926 4295 1075 4360 exsiccati
1097 4292 1274 4362 albescens.
1319 4300 1460 4389 Aestate.

144 4476 246 4547 OBS.
295 4479 378 4544 Cum
392 4477 553 4547 Tabulam
573 4503 613 4544 ex
626 4479 775 4568 English
788 4477 923 4567 Botony¹
943 4480 1075 4543 citatam
1087 4480 1240 4546 nondum
1255 4478 1367 4547 videm
1383 4468 1540 4558 configis,
1565 4492 1684 4565 qvate-

235 4607 299 4648 nus
313 4583 377 4651 hoo
391 4607 628 4675 synonymum,
654 4583 744 4675 qvod
758 4585 944 4667 conjectori
960 4582 1060 4648 modo
1076 4599 1238 4647 assecutus
1254 4603 1325 4646 sum
1334 4628 1343 4660 ,
1365 4583 1400 4644 in
1413 4602 1519 4643 meam
1536 4581 1680 4672 speciem

240 4685 395 4775 quadret,
419 4691 456 4754 in
476 4705 635 4779 suspenso
652 4687 837 4777 relinquere
858 4707 968 4770 cogor.
1015 4681 1198 4766 Singularis
1214 4700 1302 4749 certe
1319 4683 1390 4749 huc
1412 4683 1536 4774 species
1558 4686 1622 4763 est,
1647 4700 1682 4748 et

237 4807 345 4856 uuum
360 4792 404 4857 ad
418 4792 587 4857 macoma
599 4793 779 4882 pertineat,
802 4812 922 4868 necne,
948 4787 1055 4852 adhuc
1077 4811 1146 4853 non
1162 4805 1251 4854 certo
1266 4804 1403 4853 constat.
1449 4788 1487 4852 ln
1509 4805 1594 4852 statu
1610 4788 1680 4850 sic-

232 4912 327 4974 cato,
353 4893 411 4960 ubi
429 4889 635 4961 abundanter
650 4895 771 4975 adsuit,
796 4909 939 4958 crustam
953 4890 1060 4956 album
1073 4894 1108 4956 in
1122 4890 1224 4978 algis,
1249 4894 1367 4984 quibus
1382 4889 1520 4974 inlidet,
1544 4887 1587 4956 ad
1601 4912 1680 4986 ιιι-

234 4997 316 5066 dum
330 4999 539 5068 Diutontctiu
551 4998 731 5088 flocculosi
752 4997 972 5088 aliorumque,
995 4994 1163 5086 relinquit.
