4525 5842
410 380 501 452 ‘nrt
637 322 642 329 ¹
898 454 901 459 ξ
1110 346 1396 434 mario.

358 558 621 687 tyronibus
655 562 853 653 obviarn
883 542 1190 652 examinandi
1222 555 1662 684 determinandiqve
1687 556 1878 653 facilior
1901 555 2138 677 reddatur,

359 707 492 801 ..adeo
539 727 593 794 ut
620 703 969 797 distributionis
1004 704 1105 831 ope
1126 708 1304 797 certior
1331 700 1417 794 fiat
1448 706 1663 798 curiosus
1692 704 1905 832 algarum
1927 711 2137 818 rimator,

357 873 527 942 utrum
556 849 819 975 exemplar,
866 846 997 974 quod
1025 853 1070 941 ei
1098 847 1160 938 ad
1181 882 1350 941 manus
1375 870 1467 962 est,
1508 878 1674 941 revera
1694 855 1757 941 sit
1783 849 1856 964 id,
1899 848 2029 974 qvod
2061 849 2142 941 hic

362 993 663 1117 descriptum
690 996 918 1120 reperiat,
964 1000 1132 1086 necne.
1201 995 1281 1084 Sic
1309 997 1453 1121 igitur
1471 991 1653 1086 factum
1681 1017 1772 1107 est,
1814 1017 1891 1107 ut,
1935 1026 1987 1086 re
2020 994 2143 1086 bene

361 1142 629 1265 ‘pensitatm
664 1143 723 1227 in
733 1139 809 1230 bis
824 1143 999 1231 nostris
1018 1137 1345 1264 Hy'drophytis
1365 1134 1693 1260 dispescendis
1715 1136 1934 1231 ordinem
1950 1142 2142 1231 natura-

357 1284 483 1397 lem',
519 1305 746 1405 qrantum
761 1281 1061 1408 fieripotuit,
1097 1314 1355 1395 servaram,
1401 1280 1463 1372 ad
1490 1280 1697 1379 fructum
1722 1281 2036 1374 nihilominus
2068 1281 2136 1400 ed,

361 1429 564 1553 ,qupar
590 1427 1503 1551 erat,‘attentioneubiqverespiciens.
1739 1426 1742 1436 ’
2177 1526 2183 1533 ,

364 1656 371 1665 .
500 1577 570 1665 Ex
590 1574 815 1697 operibus
834 1570 1208 1664 clarissimorum
1225 1574 1440 1663 virorum
1457 1566 1650 1673 Rothii,
1680 1569 2017 1665 'Stacltlrousih
2044 1576 2141 1662 La·

369 1727 667 1820 monroasii,
698 1714 946 1844 Agar-dbia·
972 1715 1277 1839 aliorumqve·
1294 1715 1435 1842 plura
1457 1746 1632 1842 genera
1657 1720 1898 1806 mutuatus
1923 1750 2046 1831 sum,
2080 1714 2141 1806 ad

360 1859 550 1975 fontes,
591 1862 720 1953 unde
746 1883 857 1951 sunt
879 1859 1069 1972 bansta,
1087 1862 1266 1951 omnia
1290 1858 1519 1975 referens,
1556 1860 1747 1983 qvibus,
1784 1860 1871 1951 ubi
1898 1864 1967 1952 rei
1989 1865 2138 1988 magis

367 2005 658 2099 illustrandae
673 2010 995 2098 necessarium
1010 2026 1091 2097 aut
1111 2002 1517 2119 utileridebatnr,
1556 2002 1791 2106 nonnulla
1808 2037 1937 2096 nova
1960 2003 2136 2096 addidi.

367 2154 423 2243 ln
440 2154 758 2276 -S'ynonymiis
794 2154 1064 2275 specierum
1095 2152 1359 2279 earumque
1384 2147 1788 2273 descriptionibus
1834 2147 2137 2242 elaborandis

368 2328 603 2391 summam
630 2293 742 2386 dedi
768 2320 988 2419 operam,
1036 2317 1091 2386 ut
1116 2316 1273 2387 essent
1299 2317 1555 2408 accuratae,
1598 2315 1647 2385 et
1669 2296 1794 2384 inter
1816 2295 2140 2419 prolixitatem

368 2442 698 2534 verbosiorem
734 2440 1106 2564 brevitatemqve
1142 2439 1473 2532 obscuriorem
1504 2435 1714 2530 mediam
1748 2444 1881 2563 qvasi
1925 2461 2138 2532 tenerent

367 2591 517 2697 viam3
548 2585 1053 2711 descriptionesvero,
1083 2607 1138 2676 ut
1157 2586 1279 2677 bene
1305 2583 1544 2712 intelligo,
1573 2615 1664 2709 pro
1694 2615 1831 2676 more
1854 2588 1994 2676 nimis
2022 2586 2137 2706 jeju·

366 2760 442 2819 nae
469 2752 580 2821 sunt
604 2744 744 2854 atqve
771 2762 1053 2858 exsangves,
1111 2734 1190 2821 cui
1222 2732 1456 2851 jejunitati
1478 2750 1533 2819 ut
1560 2726 2136 2852 quadantenus-mederer,

372 2875 732 3001 observationes
749 2873 1004 2965 nonnullas
1023 2876 1161 2999 operi
1179 2872 1259 2965 hic
1279 2873 1377 2965 illic
1403 2877 1613 2965 intexere
1638 2871 1841 2994 placuit,
1874 2876 1927 2962 in
1952 2876 2136 2998 qvibus,

360 3022 410 3109 si
430 3040 714 3139 qvaeootatu
733 3016 877 3147 digna
893 3017 1189 3128 viderentur,
1219 3023 1389 3144 paucis
1410 3016 1650 3111 interdurn
1673 3022 1888 3144 exposui.
1957 3019 2139 3145 Omnia

365 3196 484 3267 ,vero
504 3167 803 3292 istageitera,
834 3167 925 3256 sub
945 3163 1446 3289 qvibusHydrophyta
1460 3167 1648 3254 Daniea
1665 3186 1776 3287 apte
1796 3162 2140 3288 comprehendi

359 3341 514 3435 posse
536 3307 746 3421 credidi,
778 3305 1010 3423 dilucide,
1045 3330 1101 3399 ut
1117 3313 1317 3433 opinor,
1350 3340 1378 3398 a
1397 3341 1447 3401 se
1463 3313 1671 3400 invicem
1687 3305 2010 3400 discriminata
2027 3318 2140 3401 sunt

366 3459 422 3549 'in
454 3452 787 3582 Sciagraphia,
836 3457 972 3578 operi
1013 3457 1272 3571 praemissa,
1329 3456 1461 3574 cujus
1497 3450 1788 3544 adminiculo
1824 3484 1990 3544 omnes
2025 3458 2147 3547 istas.

369 3597 557 3725 plantas
589 3596 660 3695 'ad
682 3590 823 3689 suum
854 3610 1084 3723 qvamqvc
1111 3632 1259 3726 genus
1285 3597 1484 3727 referre,
1530 3586 1608 3689 me
1641 3596 1831 3721 qvidcm
1858 3602 2136 3722 proxeneta,

352 3776 473 3843 ⁴non
489 3741 648 3835 multis
664 3766 906 3867 premetur
925 3739 1295 3837 difficultatibus.
1326 3794 1344 3817 ι
1363 3744 1543 3834 Omnia
1560 3739 1921 3867 impedimenta,
1957 3777 2058 3868 qvae
2086 3749 2139 3871 in

361 3910 624 4015 systemate
646 3886 902 3983 condendo
928 3887 1008 3979 hic
1030 3887 1128 3993 illic
1153 3907 1257 3980 sose
1282 3884 1508 3999 offeram,
1542 3882 1600 3976 de
1623 3885 1784 3979 medio
1812 3886 2000 4001 tollere,
2035 3889 2140 3980 fieri

370 4055 666 4185 nonpotest3
699 4064 943 4157 nunqvam
959 4036 1089 4124 enim
1108 4033 1171 4122 ad
1184 4031 1336 4159 leges,
1367 4040 1482 4155 qvas'
1500 4029 1711 4122 humana
1727 4065 1860 4123 mens
1884 4037 2137 4162 excogitat,

370 4212 474 4272 sese
496 4182 710 4308 restringi
732 4183 912 4304 patitur
936 4177 1061 4267 alma
1085 4201 1257 4267 natura
1287 4200 1335 4268 et
1358 4175 1700 4302 polymorpha3
1754 4176 1841 4271 sed
1864 4176 2034 4293 libere,
2086 4202 2141 4272 ut

371 4353 571 4453 magnus
599 4328 982 4450 ipsius-auctor,
999 4324 1096 4415 vim
1119 4352 1255 4425 suam
1278 4326 1470 4435 exserit,
1505 4320 1682 4413 formas
1707 4319 1911 4414 induens
1933 4329 2146 4427 maxime,

369 4469 678 4584 multifarias,
727 4466 1111 4589 intellectumqve
1142 4463 1352 4559 bominis
1385 4465 1573 4563 limitati
1601 4499 1726 4590 saepe
1752 4465 1981 4559 deludens
1989 4503 2002 4581 ;
2051 4474 2138 4586 sic,

372 4638 427 4709 ut
446 4615 714 4742 exemplum
741 4610 952 4707 aflerant:
986 4611 1258 4739 Gigartina
1273 4612 1475 4717 viridis,
1510 4636 1560 4703 et
1588 4613 2142 4738 Scyrosipbonfoenicu-

372 4761 561 4865 laem,
596 4793 716 4884 qvos
735 4755 795 4848 ad
815 4756 1112 4891 Plrycoidata
1131 4761 1362 4851 continua
1376 4763 1546 4852 merito
1565 4761 1839 4873 amandavi,
1870 4765 1921 4848 in
1942 4763 2139 4853 summis

373 4902 901 5029 ramulorumapicibus
918 4899 1158 5025 interdum
1180 4902 1405 5034 genicula
1429 4900 1705 5023 ostendunt;
1732 4901 1830 5015 boc
1854 4925 2141 5031 tamennon
