4525 5842
948 393 1310 470 suumomnta
1359 366 1772 463 saumoeomus.

904 600 980 688 Ν.
1048 589 1847 723 spumuococcuset

614 771 699 825 Frons
716 760 810 845 plana,
825 768 1043 830 membranacea,
1063 782 1193 829 ecostata,
1206 767 1296 820 rubra.
1331 768 1444 819 Fructus
1463 760 1618 814 Tubercula
1639 760 1750 832 globosa
1770 757 1805 810 ad
1826 753 1973 848 marginem
1996 748 2111 803 sessilis.

381 945 474 1016 Tab.
498 958 533 1027 3.
567 1012 573 1020 ,
655 939 687 1007 1·
740 928 777 1006 S.
793 923 1137 1012 mentbramfolius3
1176 924 1297 1012 stipite
1321 928 1437 989 terete
1465 939 1624 1003 ramoso,
1651 916 1754 1007 apice
1779 933 1938 1003 expanso
1963 908 2001 975 in
2021 902 2155 974 folium

571 1058 886 1149 selemsitanus,
906 1059 1069 1132 bilobum
1087 1055 1401 1143 dichotonuunve3
1425 1049 1621 1121 tuberculis
1635 1045 1790 1138 globosis
1812 1041 1949 1114 eeaule
1963 1039 2157 1131 peduncu-

576 1191 671 1263 latis.
964 1208 966 1213 ⁴

710 1343 738 1394 S.
757 1344 1007 1416 membrantsoltus
1032 1344 1080 1412 Ag.
1098 1340 1161 1409 Syn.
1181 1356 1208 1408 p.
1230 1338 1271 1390 at.

711 1450 739 1500 F.
761 1446 1009 1516 membrantsoltus
1027 1440 1091 1514 Esp.
1110 1442 1145 1494 T.
1170 1451 1226 1504 ¹¹5-
1245 1471 1273 1485 -
1292 1438 1380 1489 Tum.
1396 1434 1458 1506 Syn.
1478 1453 1506 1507 p.
1526 1446 1567 1500 25.
1588 1448 1616 1486 et
1633 1430 1704 1485 Hist.
1724 1430 1759 1484 T.
1778 1437 1821 1499 74.
1839 1461 1868 1476 -
1885 1425 2041 1481 Ner.'britt.
2062 1422 2104 1479 ed.
2127 1441 2153 1477 τι.

775 1515 811 1569 Τ.
830 1531 872 1570 20.
892 1547 920 1560 -
948 1516 1025 1569 Lam.
1043 1511 1117 1565 Dies.
1137 1510 1172 1561 T.
1193 1524 1234 1561 ιι.
1252 1506 1295 1575 fig.
1314 1516 1340 1569 3.

712 1636 740 1664 ·..
758 1618 861 1669 rubens
882 1616 919 1669 Fl.
939 1614 966 1667 tl.
985 1618 1020 1669 T.
1040 1610 1099 1683 827.
1121 1647 1151 1660 ..
1165 1608 1251 1662 Molrr
1268 1608 1339 1662 Hist.
1361 1621 1415 1661 nat.
1435 1604 1480 1660 ltl.
1500 1624 1528 1676 p.
1550 1612 1610 1670 247.
1715 1593 1720 1599 ⁴

712 1751 739 1765 -
756 1720 901 1771 Palmetta
910 1715 999 1771 Gmel.
1016 1714 1088 1769 Tab.
1099 1711 1229 1783 :ts-lim.
1251 1725 1277 1762 st
1295 1707 1416 1772 Tala-23.
1434 1741 1462 1757 -
1479 1707 1769 1776 Esp.Fasc.2.p.125.
1788 1735 1817 1748 -
1835 1699 1958 1755 Ginnani
1977 1701 2012 1751 T.
2025 1716 2065 1768 ¹9·
2084 1697 2156 1766 [37.

631 1869 676 1967 β)
699 1871 887 1950 stellatus,
910 1870 1081 1940 foliorum
1096 1866 1256 1958 apicibus
1277 1864 1485 1931 tenuissime
1498 1861 1636 1947 divisis,
1661 1857 1971 1928 numerosissimis.

636 2050 676 2147 y)
698 2049 988 2144 angustifhlius,
1018 2046 1114 2117 foliis
1138 2047 1312 2137 angustis,
1345 2041 1626 2130 sublinearibus,
1660 2062 1748 2131 vage
1771 2039 1910 2127 divisis,
1944 2059 1965 2105 e
1993 2038 2156 2127 margine

686 2185 876 2276 proliferis.
1755 2156 1759 2165 ¹
2064 2169 2067 2175 ’

574 2337 734 2411 Habitat
748 2341 795 2407 ad
808 2338 906 2412 littus
921 2335 1105 2423 lelandiae,
1130 2330 1254 2401 Mohr.
1307 2329 1349 2399 ln
1366 2316 1516 2403 sinubus
1526 2328 1716 2420 Norvegioe
1730 2330 1875 2418 passim,
1896 2310 2047 2394 Miiller.
2097 2322 2157 2392 Ad

581 2470 703 2542 littora
731 2473 876 2560 Deniee,
919 2469 1095 2559 imprimis
1114 2466 1251 2534 Fionite
1275 2461 1562 2554 septentrionalis
1584 2459 1763 2554 frequens.
1826 2459 2024 2551 Utramqve
2045 2457 2154 2530 Varr.

581 2604 718 2675 ibidem
730 2602 810 2697 legi.

580 2799 592 2812 .
626 2750 754 2823 DESC.
798 2749 903 2816 Radix
919 2747 1021 2814 callus
1035 2771 1157 2841 parvus
1173 2768 1352 2838 expansus,
1376 2742 1667 2825 Fucismajoribus
1682 2740 1910 2837 lapidibusque
1926 2739 2159 2825 agglutinatus.

713 2854 824 2917 Frons
847 2849 1064 2945 semipedalis.
1116 2850 1224 2938 Stipes
1249 2865 1351 2925 teres,
1377 2838 1559 2926 filisoimis,
1583 2842 1711 2911 inlerne
1734 2848 1890 2937 simplex,
1916 2871 2057 2937 superne
2079 2870 2159 2931 vage

717 2978 875 3020 ramosus.
921 2955 1014 3020 Remi
1034 2951 1258 3034 subfastigiati.
1301 2948 1395 3016 Folia
1410 2949 1508 3040 plana
1517 2964 1530 3020 ,’
1549 2953 1699 3031 enervia,
1724 2949 1788 3016 late
1811 2950 2042 3031 cuneiformia,
2067 2950 2161 3017 bilo·-

716 3060 776 3138 ba,
802 3058 1008 3137 dichotoma,
1033 3056 1188 3147 pollicem
1213 3054 1283 3120 fere
1305 3054 1402 3137 longa
1423 3072 1456 3118 et
1476 3053 1557 3135 lata,
1588 3056 1734 3138 margine
1751 3056 1976 3138 integerrima.
2008 3056 2159 3143 apicibus

712 3161 889 3257 rotundata
905 3162 956 3228 vel
970 3161 1178 3247 emarginata.
1226 3161 1366 3222 Fructus
1380 3157 1566 3222 Tubercula
1580 3183 1682 3248 parva
1697 3158 1912 3242 subglohosa,
1936 3160 2036 3249 stipiti
2053 3177 2085 3224 et
2101 3184 2159 3224 ra·

704 3256 778 3334 'mis
798 3265 841 3329 ad
856 3264 958 3329 latera
973 3261 1174 3339 insidentia,
1197 3258 1432 3350 pedunculata,
1458 3260 1493 3322 in
1518 3261 1635 3348 quibus
1661 3264 1783 3326 semina
1806 3265 2020 3328 minutissima
2048 3265 2158 3329 eonti-

718 3384 848 3447 nentur,
875 3388 963 3455 qvae,
987 3363 1118 3455 capsula
1136 3363 1255 3442 fracta,
1281 3380 1433 3453 tanquam
1450 3362 1612 3428 famulum
1629 3365 1884 3432 viredeseentem
1898 3365 2064 3433 exhalasse
2076 3367 2159 3432 vidi.

719 3470 822 3537 Color
836 3471 872 3534 in
887 3466 978 3534 caule
994 3468 1218 3550 fusco-niger,
1243 3469 1278 3531 in
1297 3466 1415 3532 fronde
1431 3468 1551 3547 ruber,
1574 3467 1615 3532 ad
1642 3471 1769 3563 apicem
1794 3496 1880 3562 saepe
1894 3495 2019 3537 roseus.
2066 3471 2158 3536 sub·

597 3602 602 3611 ¹
717 3575 834 3640 stantia
858 3571 957 3637 caulis
981 3570 1206 3655 cartilaginea,
1238 3570 1395 3637 soliorum
1414 3571 1671 3637 membranacea.
1725 3576 1894 3639 Perennis.
1937 3576 2061 3665 Hyeme
2091 3575 2157 3640 fert

596 3704 601 3713 ·
717 3679 872 3743 fructum.

574 3816 579 3821 ’
632 3815 724 3883 OBS.
770 3817 809 3887 ln
834 3814 942 3886 iudice
965 3831 1071 3883 textus
1092 3812 1187 3884 latini
1203 3813 1255 3885 Fl·
1272 3812 1305 3883 tl.
1330 3815 1371 3880 Τ.
1386 3823 1459 3889 827.
1482 3810 1575 3880 locus
1600 3812 1717 3881 namlis
1736 3814 1918 3881 indicatur:
1943 3817 1999 3879 '’in
2019 3814 2155 3879 sinubus

576 3906 584 3923 .
716 3920 908 4002 ''Norvegiae
922 3920 1083 4009 passim;’'
1106 3917 1166 3989 sed
1180 3943 1242 4009 per
1257 3935 1401 3986 erratum
1416 3917 1692 4011 typographieum
1714 3921 1750 3985 in
1774 3936 1863 3985 textu
1884 3923 1954 4003 ejus
1968 3920 2155 4004 germanico

716 4023 877 4093 habetur:
912 4020 988 4102 ”tiu
1011 4027 1076 4095 unt
1095 4023 1208 4095 uicto
1223 4023 1257 4093 itt
1273 4022 1524 4107 mettensem
1543 4023 1759 4107 noroegiae
1790 4025 1875 4090 hanc
1899 4022 2052 4089 mendam
2076 4049 2154 4089 ver·

717 4127 856 4197 boteuus
874 4150 1003 4198 sumens
1019 4127 1089 4213 Cel.
1102 4130 1272 4222 Espertts,
1294 4130 1329 4193 in
1345 4144 1567 4195 transversum
1577 4129 1660 4197 mire
1675 4128 1830 4218 abreptus
1844 4146 1910 4207 est,
1932 4152 2007 4193 eum
2026 4131 2155 4213 (leones

717 4231 798 4301 Fec.
811 4242 833 4303 2
848 4231 940 4299 Fesc.
956 4256 992 4321 p.
1008 4233 1093 4310 125.)
1109 4233 1195 4303 hanc
1209 4231 1326 4314 Algam
1340 4232 1376 4297 in
1392 4229 1488 4295 silvis
1500 4232 1615 4299 Dauiae
1640 4234 1688 4319 (in
1706 4249 1796 4303 textu
1809 4231 1918 4298 Florae
1935 4231 2057 4297 danicae
2076 4255 2154 4315 ger—

718 4334 847 4399 manico
864 4333 984 4398 dicitur
999 4334 1185 4417 Norvcgiae)
1200 4356 1346 4398 crescere
1360 4335 1517 4413 affirmat3
1538 4334 1719 4426 eodemqve
1743 4335 1865 4401 indicio
1895 4333 1937 4398 ad
1963 4338 2156 4426 opinionem

717 4461 809 4504 suam
823 4436 864 4502 dc
885 4439 982 4502 Fucis
996 4439 1148 4517 marinis,
1174 4439 1296 4527 qvippe
1319 4439 1375 4527 qvi
1393 4456 1426 4502 et
1439 4440 1474 4503 in
1489 4439 1656 4505 montibus
1672 4439 1897 4516 terrestribus,
1922 4461 1940 4501 a
1962 4440 2044 4503 mari
2068 4464 2155 4530 pro-

717 4541 771 4607 cul
796 4541 946 4619 remotis,
971 4543 1149 4631 provenire
1171 4540 1334 4632 polleant,
1364 4540 1593 4605 stabiliendam
1614 4543 1737 4622 utitur3
1765 4542 1823 4607 sed
1847 4542 1911 4607 hoe
1933 4544 2154 4623 ratiocinium,

717 4661 755 4707 ut
772 4645 887 4731 petitio
904 4646 1078 4735 principii,
1105 4642 1151 4711 eu'
1160 4647 1218 4726 iis,
1241 4669 1312 4737 qvae
1331 4643 1441 4724 attuli,
1467 4643 1560 4709 facile
1574 4645 1797 4713 labefactatur.
1811 4678 1853 4694 -
1867 4644 1960 4711 Idem
1979 4648 2078 4713 etiam
2094 4670 2161 4715 va·

715 4743 763 4811 let
787 4743 829 4808 dc
845 4750 1054 4814 annotatione
1070 4750 1106 4813 in
1120 4748 1268 4833 Biologia
1283 4750 1457 4816 Trevirani
1479 4751 1516 4815 P.
1537 4762 1569 4825 2.
1585 4774 1620 4841 p.
1636 4762 1708 4827 139.

715 4983 747 5067 *l
791 4987 836 5048 Et
859 4990 974 5077 σφᾶιραι
997 4999 1029 5047 et
1051 4985 1160 5064 xlmae.
