4525 5842
672 404 746 477 100

1017 389 1189 460 sEcrto
1216 385 1453 461 SECUNDA·
1504 385 1807 462 NODULARIAE‘

752 612 905 679 congesta
922 610 998 660 sunt
1014 587 1161 676 semina,
1185 593 1343 685 paulatim
1358 620 1396 661 ex
1413 598 1505 689 spice
1521 596 1628 663 tubuli
1642 581 1785 663 lacerato
1799 594 1902 660 libere
1917 614 2055 678 exeunt,
2078 603 2186 666 novem

752 700 883 800 prolem
899 723 973 782 gem
980 716 1071 780 tura,
1096 716 1129 764 et
1144 715 1270 765 tantum
1284 701 1384 777 abest,
1410 719 1446 766 ut
1460 701 1529 768 Cel.
1551 700 1592 768 V
1586 701 1775 776 ancienne,
1797 704 1887 783 eujus
1905 725 2000 802 opus,
2021 720 2186 794 postqvam

753 802 1009 870 delineationem
1025 803 1122 887 hujus
1138 802 1258 893 plantae
1273 827 1309 868 ac
1325 803 1580 894 descriptionem
1601 803 1799 889 jamdudum
1811 807 2027 895 peregissem,
2052 808 2187 897 primum

759 907 955 973 consulendi
972 907 1047 972 deta
1068 907 1131 972 suit
1146 907 1292 986 occasio,
1318 906 1396 973 huic
1420 909 1569 998 opinioni
1592 907 1845 988 contradiceret,
1870 927 1907 974 ut
1927 912 2038 1000 potius
2061 914 2185 979 omnino

755 1013 958 1076 assentiatur.
1001 1013 1155 1078 Ceterum
1171 1008 1255 1076 Cell.
1274 1011 1404 1076 Weber
1423 1003 1591 1078 etMohr
1582 1036 1616 1076 ιιι
1632 1012 1788 1078 Grosshr.
1804 1012 1959 1079 Consors.
1986 1041 2020 1080 ιι.
2036 1027 2087 1090 29.
2112 1040 2184 1082 con-

752 1112 909 1193 tendunt,
938 1112 1146 1203 Conservam
1151 1114 1309 1206 flavian
1309 1139 1362 1179 em
1384 1115 1422 1179 L.
1414 1137 1566 1204 .semper
1581 1114 1678 1198 lignis
1692 1115 1856 1180 inundatis
1872 1141 1932 1182 nec
1948 1142 2092 1208 tmqvam
2111 1121 2182 1184 saxis

754 1205 895 1282 adiixam
920 1242 1005 1300 essc3
1030 1221 1139 1286 omnia
1159 1241 1258 1299 vero,
1281 1242 1355 1308 qvae
1378 1240 1437 1301 ego
1459 1221 1495 1283 in
1517 1218 1597 1284 loeis
1618 1216 1782 1285 natalibus
1805 1219 1874 1286 vidi
1892 1223 2085 1311 specimina,
2111 1225 2181 1289 suis

752 1345 920 1412 nunqvam
934 1347 1002 1389 non
1018 1323 1238 1390 adhaerebant.
1261 1355 1303 1369 -
1323 1322 1469 1390 Varietas
1484 1325 1527 1406 β,
1549 1343 1646 1412 qvam
1659 1344 1823 1389 ramosam
1837 1321 1924 1403 dixi,
1948 1328 2070 1415 partim
2083 1329 2181 1406 ramis,

752 1429 874 1517 partim
888 1425 1048 1493 nodulis
1039 1429 1217 1510 insigniter
1223 1426 1460 1506 eminentibus,
1486 1424 1568 1492 adeo
1584 1445 1620 1491 ut
1634 1425 1783 1509 globulos
1802 1428 1871 1492 sere
1879 1427 2120 1518 pedunculatos
2133 1455 2178 1496 re·

714 1523 718 1527 ⁵
754 1532 878 1611 serent,
900 1554 1041 1621 qvornm
1057 1549 1142 1596 term
1132 1527 1207 1598 vei
1221 1532 1373 1620 qvaterni
1395 1530 1522 1626 nodum
1547 1532 1766 1613 constituunt,
1791 1533 1884 1658 satis,
1909 1550 1945 1600 ut
1967 1538 2105 1627 opinor,
2130 1534 2174 1601 di-

753 1636 886 1717 stincta,
911 1658 1016 1725 qvam
1020 1659 1083 1727 pro
1100 1634 1263 1706 Varietate
1285 1631 1460 1705 venditent
