4525 5842
486 385 661 460 suono
685 385 923 466 SECUNDA
977 387 1347 466 oscunn‘rotttn·
1594 395 1646 488 91

152 594 259 663 OBS.
309 593 465 684 Spurium
479 590 558 658 huic
572 593 693 681 speciei
710 591 780 657 Cel.
801 594 1010 683 Dillwynius
1024 597 1173 662 attribuit
1186 597 1474 677 ramificationem,
1499 621 1571 688 qvae
1586 601 1631 666 ita
1642 602 1699 665 in-

251 694 430 780 telligenda
438 711 512 760 ests
536 697 629 760 Rami
646 697 781 785 qvidem
796 697 857 762 sub
871 697 961 764 lente
972 701 1043 765 veri
1058 716 1091 765 et
1105 699 1223 765 alterni
1239 701 1413 781 videntur,
1439 702 1497 767 sed
1511 702 1698 787 diligentius

250 803 411 891 inspecti,
437 817 503 864 tam
516 797 634 864 leviter
648 800 711 864 sibi
726 801 868 867 invicem
884 803 1068 882 colraerent,
1090 822 1127 871 ut
1145 806 1256 893 potius
1273 828 1337 895 pro
1352 803 1417 870 filis
1432 805 1589 885 diversis,
1614 806 1698 872 levi·

252 924 301 972 ter
316 903 543 987 agglutinatis.
566 926 665 992 qvam
679 926 743 992 pro
762 906 848 969 veris
861 907 960 971 ramis
975 906 1093 975 haberi
1103 908 1256 975 debeant.
1303 907 1391 975 Illud
1404 926 1514 976 autem
1527 912 1562 976 in
1578 912 1698 978 nosutit
1760 985 1766 994 ,

255 1009 486 1102 speciminibus
504 1005 656 1072 nondum
669 1007 846 1075 observare
859 1010 1007 1095 contigit.

386 1205 421 1240 **
461 1221 558 1287 uqvoe
581 1198 693 1264 solsoe.

199 1370 259 1439 1οι
312 1360 354 1427 Ο.
376 1353 614 1456 majuscula,
638 1353 706 1423 filis
725 1354 968 1447 simplicibus,
992 1356 1271 1448 lutcscentibus,
1298 1362 1339 1429 in
1365 1360 1553 1451 caespitem
1577 1327 1699 1452 'cylin-

120 1490 473 1583 ‹traces-oblongum
488 1488 631 1559 fuscum
647 1489 883 1560 fluctuantem
899 1492 1108 1561 densissime
1128 1494 1314 1563 intricatis.

258 1652 407 1725 conserva
424 1653 585 1723 majuscula
604 1649 697 1707 Dillw.
718 1650 822 1708 lntrod.
842 1672 871 1726 p.
890 1662 934 1720 4ο.
954 1669 981 1707 st
999 1652 1093 1725 Suppl.
1113 1653 1184 1711 Τὼ.
1203 1657 1239 1710 A.
1259 1681 1294 1699 —
1311 1653 1349 1708 Fl.
1370 1654 1397 1709 d.
1413 1653 1489 1709 Τὼ.
1512 1661 1585 1725 1549.
1607 1652 1652 1724 fig.
1676 1671 1699 1706 ι.

258 1756 443 1808 Osctllntorta
464 1755 626 1824 majuscula
644 1753 717 1822 Jt'trg.
737 1755 793 1826 tlg.
814 1757 883 1809 Dec.
902 1766 929 1823 4.
947 1776 975 1809 ιι.
996 1775 1021 1827 7.

326 1883 360 1898 -
467 1864 630 1928 aeruginosa
648 1857 674 1918 β.
693 1860 831 1911 violacea
848 1861 896 1930 Ag.
917 1859 979 1930 Syn.
998 1877 1026 1930 p.
1048 1877 1107 1931 ¹⁰9·

2 2007 4 2012 ’
116 1994 276 2070 Habitat
284 2002 329 2069 'in
344 2001 425 2069 sinu
436 1997 658 2088 Othiniensi‚
683 1999 840 2069 Zosteroe
854 2002 1004 2071 marinae
1025 2000 1284 2071 adhaerescens.

165 2162 293 2229 DESC.
342 2163 470 2250 Caespes
486 2160 668 2241 fluctuans,
691 2161 915 2228 subrotundus
932 2162 983 2228 vel
1000 2160 1173 2246 oblongus,
1194 2158 1339 2252 palmam
1352 2160 1395 2227 ad
1410 2162 1607 2253 spithamam
1621 2157 1699 2226 lon·

250 2289 331 2351 gns,
356 2265 440 2331 duos
457 2264 499 2329 sd
514 2284 579 2330 tres
595 2263 735 2355 pollices
758 2263 860 2347 latus,
886 2265 1130 2356 cylindraceus,
1161 2266 1309 2355 apicibus
1337 2266 1480 2346 obtusis,
1513 2265 1622 2331 luscus
1645 2259 1699 2328 vel

249 2372 461 2453 nigrescens,
483 2368 582 2433 dense
599 2367 802 2454 implicatus,
826 2369 1051 2449 sublubricus,
1073 2368 1167 2434 nullo
1182 2370 1346 2435 substrato
1359 2369 1557 2450 instrum,
1580 2367 1638 2434 sed
1654 2367 1698 2432 li·

251 2474 337 2539 bere
360 2474 525 2537 fluctuans
545 2472 596 2538 vel
620 2471 775 2538 Zosteroe
798 2475 944 2538 nturinoe
969 2472 1204 2538 adhaerescens.
1256 2471 1330 2537 Fila
1353 2472 1531 2562 simplicia,
1560 2472 1700 2537 maxime

255 2578 436 2654 intricata,
457 2578 484 2638 si
502 2577 712 2656 extricentur,
735 2574 860 2667 aliquot
872 2574 1010 2666 pollices
1024 2574 1142 2658 longa,
1176 2573 1333 2665 capillum
1355 2576 1535 2640 humanum
1555 2574 1700 2638 crassitie

261 2680 505 2769 subaeqvantia,
529 2679 671 2768 aeqvalis,
694 2682 786 2771 apice
805 2682 937 2759 obtusa,
964 2679 1025 2745 sub
1041 2679 1128 2744 lente
1143 2677 1344 2743 latescentia.
1387 2679 1482 2744 Striae
1498 2696 1699 2743 transversa-

263 2782 311 2848 les
327 2784 535 2848 densissime.
581 2782 682 2849 Color
695 2785 835 2875 caespitis
851 2784 971 2865 luscus,
992 2784 1171 2862 exsiccatae,
1188 2783 1374 2873 chartaeqve
1391 2784 1563 2874 impositu,
1580 2780 1699 2857 nitens,

258 2888 556 2971 atro-glaucescens
572 2886 625 2953 vel
640 2886 835 2978 chalybaeus.
881 2888 1068 2955 Substantia
1082 2905 1204 2967 tenera,
1221 2884 1358 2953 lubrica.
1399 2887 1541 2953 Aestate.
1591 2884 1699 2949 Char·
1734 2869 1740 2881 ¹

256 3009 400 3058 taearcte
422 2991 575 3057 adhaeret.
694 3023 703 3038 r

168 3109 261 3177 OBS.
310 3108 384 3173 Fila
396 3109 507 3199 spurie
526 3131 673 3188 ramosa,
696 3131 837 3198 qvorum
853 3096 1054 3172 mentionem
1069 3105 1148 3168 secit
1169 3103 1239 3170 Cel.
1257 3103 1468 3188 Dillwynius
1494 3128 1563 3170 non
1583 3103 1700 3168 obser-

257 3215 351 3292 vavi,
373 3215 617 3295 ceterumjuxtu
633 3211 833 3302 exemplaria
854 3237 894 3278 ex
916 3209 1037 3294 Anglia
1062 3210 1161 3274 missa
1185 3222 1298 3274 nostra
1319 3203 1432 3294 plante
1458 3206 1493 3268 in
1516 3203 1703 3288 Anglorum

261 3317 382 3407 optime
402 3315 550 3407 qradrat.

201 3529 256 3596 11.
313 3518 355 3586 0.
371 3515 540 3584 (estuarii
549 3539 562 3603 ,·
589 3514 656 3585 filis
674 3514 912 3606 simplicibus,
942 3513 1128 3602 intuentis,
1153 3508 1472 3593 fusco-viridibus,
1494 3510 1702 3579 instratum
1730 3513 1820 3584 Τὼ.
1837 3516 1896 3594 26,

109 3660 352 3741 compectmn
366 3649 528 3740 fucum,
552 3649 626 3719 late
642 3660 789 3742 patens,
815 3649 1024 3718 densissime
1044 3646 1257 3716 intertextis.

260 3810 412 3883 Conservis
431 3823 561 3868 oestuartt
584 3816 658 3886 lfirg.
677 3814 734 3885 Atg.
754 3813 821 3866 Dee.
842 3829 867 3866 n.
888 3831 918 3869 n.
935 3822 959 3874 8.

173 3950 222 4046 β)
250 3950 474 4044 laetevitens,
506 3956 573 4026 filis
594 3953 834 4052 simplicibus,
858 3952 1001 4045 rigidis,
1025 3947 1110 4021 loete
1128 3947 1321 4038 viridibus,
1354 3944 1571 4039 instratum
1593 3952 1703 4014 tenus

228 4091 472 4180 aeruginosum
490 4092 599 4160 dense
614 4090 825 4180 compactis.
1350 4061 1352 4064 Ι

263 4251 450 4304 Oscillatort'a
469 4254 635 4306 loeteuirtus
657 4250 797 4306 Holtntnn
819 4250 897 4318 Btng
915 4244 950 4299 ds
968 4263 1022 4300 utu
1040 4244 1123 4302 conl.
1141 4264 1169 4318 p.
1189 4256 1232 4312 23.

328 4377 364 4391 -·
479 4365 641 4427 aeruginosa
660 4359 707 4425 Ag.
730 4354 793 4424 Syn.
817 4370 844 4421 p·
865 4366 923 4420 109.

266 4452 415 4526 conferva
432 4470 550 4527 stuposa
569 4457 654 4512 noth.
671 4456 736 4511 cat.
756 4453 813 4507 bot.
839 4465 864 4517 3.
883 4471 911 4523 p.
932 4452 1004 4508 scol

105 4595 280 4670 flabunt
294 4599 334 4666 in
350 4600 527 4669 cornutis
543 4607 581 4668 et
591 4600 693 4672 radis
712 4599 814 4666 sinus
826 4592 1066 4680 Othiniensis,
1081 4594 1168 4661 item
1186 4594 1225 4660 in
1242 4583 1347 4659 fossis
1355 4584 1582 4674 submntinis,
1604 4603 1703 4676 aqvoe

99 4730 233 4803 salsae
247 4735 434 4825 contiguis.
461 4769 511 4785 -
536 4729 576 4818 β.
601 4753 711 4823 supra
725 4726 922 4798 conservas
939 4747 1038 4818 aqvas
1050 4723 1171 4813 salsae,
1198 4746 1283 4815 qvas
1298 4706 1473 4791 velamine
1488 4742 1555 4788 suo
1568 4716 1702 4805 aerugi-

94 4892 208 4943 noso
239 4864 407 4957 obducit,
440 4891 555 4958 prope
578 4864 866 4954 Hofmansgave,
890 4861 1015 4929 rarius.
1081 4856 1141 4929 Ad
1154 4879 1253 4927 mure
1269 4854 1474 4927 Balthicum
1489 4854 1584 4921 circu
1601 4847 1704 4916 Fim-

83 5005 236 5094 briam
253 5000 438 5092 insulem,
464 4998 574 5073 notu
1404 5109 1418 5189 (
1471 5100 1511 5181 s)

1427 5113 1468 5176 12
