4525 5842
504 345 677 420 sceno
700 346 939 420 sncnnna.
992 347 1305 426 VAUcHERtt:
1582 368 1645 451 79:

138 554 279 623 DESC.
323 555 454 643 Caespss
470 549 661 616 densissime
674 552 862 633 intricatus,
886 570 1023 619 stratum
1036 554 1183 622 formans
1196 556 1312 624 ulnare
1332 575 1364 624 et
1384 556 1470 625 ultra
1495 562 1681 652 superficiei

235 682 338 749 aeqvae
352 658 514 722 innatans.
562 653 635 719 Fila
649 654 806 743 capillum
818 657 1001 723 humanum
1012 669 1139 739 crassa,
1164 662 1294 729 inferne
1309 662 1480 753 simplicia,
1499 665 1543 730 ad
1559 645 1687 756 apicem

233 786 381 828 ramosa.
427 759 522 826 Remi
545 756 807 840 snbdichotomi,
832 759 1022 835 divaricati‚
1046 767 1140 852 apice
1166 767 1295 848 reflexi,
1320 766 1455 848 clavati,
1474 767 1685 836 vesimdiseri,

232 864 398 933 vesicula
414 861 578 941 solitaria,
596 861 793 958 terminales,
812 863 961 952 apicibus
977 867 1185 934 ramulorum
1194 872 1378 935 incrassatis
1394 875 1605 962 recurvisqve
1620 875 1687 937 im-

237 991 364 1047 mersae,
378 983 482 1032 ovatae
490 1012 500 1045 ,
523 965 709 1031 minoribus
722 964 868 1048 globosis
883 969 919 1033 in
937 970 1058 1036 tubulis
1079 972 1213 1039 filorum
1234 977 1323 1058 juxta
1338 971 1575 1040 nidulantibus.
1618 977 1687 1043 Co-

241 1071 295 1138 lor
308 1069 442 1137 sordide
465 1067 600 1147 viridis,
625 1067 843 1134 vesiculamm
857 1072 1031 1139 intensior.
1076 1076 1265 1142 Substantia
1280 1079 1549 1158 membranacea,
1579 1096 1686 1145 tenax.

241 1179 370 1243 Annua.
414 1174 529 1240 Primo
548 1194 626 1236 vere
639 1189 672 1236 ct
685 1190 853 1240 autumno.
901 1175 1030 1242 Chartae
1049 1179 1123 1244 laxe
1139 1180 1296 1246 adhaeret.

181 1386 240 1463 9..
272 1372 318 1441 V.
343 1368 515 1458 mrim&
543 1367 612 1438 filis
636 1367 883 1461 capillaaibus,
907 1375 1054 1463 erectis,
1078 1379 1251 1470 ramosis,
1274 1382 1387 1448 ramis
1406 1378 1682 1471 remotiusculis,
1705 1384 1799 1457 Tab.
1820 1396 1886 1476 22.

103 1508 324 1596 attenuatis,
350 1503 514 1576 vesiculis
528 1506 641 1575 ovatis
658 1502 984 1598 pedunculatisqve.
1875 1489 1879 1496 ⁵

154 1640 314 1708 Habitat
327 1638 372 1706 ad
386 1636 486 1705 littus
500 1637 692 1705 Faeroense
708 1639 747 1705 in
761 1638 886 1732 infimo
902 1615 1062 1710 refluxus
1077 1643 1204 1733 limite,
1227 1655 1270 1713 ut
1282 1646 1328 1714 ad
1344 1644 1488 1737 Qvivig,
1510 1646 1573 1714 sed
1589 1669 1686 1714 raro.

151 1765 279 1833 DESC.
326 1765 451 1854 Caespes
466 1781 611 1843 erectus,
642 1764 780 1853 rupibus
794 1766 965 1831 maritimis
981 1767 1053 1833 basi
1069 1771 1201 1851 affixus,
1221 1769 1378 1860 pollicem
1401 1773 1532 1836 circiter
1553 1769 1684 1851 longus.

238 1868 310 1935 Fila
323 1868 555 1946 minutissima,
585 1865 764 1947 sabulosa,
780 1865 953 1950 continua,
978 1871 1098 1961 capillo
1116 1873 1259 1937 bumana
1275 1877 1443 1954 tenuiora,
1466 1876 1554 1939 intus
1579 1875 1684 1938 massi

237 1973 338 2040 viridi
355 1970 526 2056 grannlosi
543 1969 688 2061 repleta,
712 1994 851 2038 ramosa.
897 1974 990 2040 Rami
1007 1979 1144 2048 remoti,
1169 1969 1441 2066 erecti,·apicem
1461 2000 1574 2043 versus
1599 1965 1687 2041 atte-¹

240 2079 341 2143 nnati.
387 2073 544 2144 Vrsiculae
559 2072 726 2160 laterales,
751 2093 853 2143 ovata
868 2075 921 2144 vel
935 2079 1149 2161 subclavatae‚
1174 2103 1305 2145 sursum
1329 2097 1532 2170 spectantes,
1557 2080 1684 2145 dianae-

240 2199 327 2247 trum
351 2178 398 2246 fili
418 2177 590 2244 latitudine
611 2177 691 2268 apto
713 2178 923 2261 excedentes,
952 2183 1166 2264 atrovirides,
1198 2184 1291 2249 brevi
1319 2184 1473 2273 tenuiqve
1492 2181 1683 2273 pedunculo

235 2285 343 2365 fultae,
377 2283 548 2350 interdum
567 2281 671 2348 limbo
692 2282 861 2373 pellucido
886 2287 1011 2352 cinctae.
1067 2287 1172 2354 Color
1191 2285 1320 2355 viridis.
1366 2286 1554 2352 Substantia
1577 2310 1684 2352 mem-

232 2390 413 2469 branacea,
437 2388 556 2456 tenuis.
601 2389 732 2454 Aestate
745 2387 824 2472 legi.
869 2389 998 2454 Chartae
1014 2390 1170 2457 adhaeret.

185 2600 250 2686 1⁰?
308 2585 357 2657 V.
376 2583 544 2680 pusillo,
574 2583 636 2654 fitis
659 2586 874 2686 caespitosis,
897 2584 1133 2675 abbreviatis,
1156 2585 1423 2676 minutissimis,
1448 2582 1682 2677 simplicibus,
1707 2596 1800 2668 Tab,
1818 2610 1879 2678 22,

104 2722 311 2807 continuis,
330 2721 472 2810 apicem
489 2740 606 2787 versus
620 2721 835 2793 incrassatis.
951 2691 956 2700 ³
1800 2709 1806 2716 '

159 2853 314 2923 Habitat
329 2853 375 2922 ad
389 2874 477 2920 saxa
488 2849 617 2922 littoris
631 2853 832 2922 Faeroensis
846 2852 885 2921 in
902 2854 1080 2944 superiori
1093 2853 1255 2924 refluxus
1269 2852 1395 2942 limite,
1407 2850 1508 2922 titud
1518 2849 1683 2943 Qvalbiie

97 2987 288 3068 sudariis,
306 2987 403 3055 etad
421 2983 573 3079 Eldevig
589 2976 758 3075 Osteriie,
782 2985 881 3054 haud
891 2981 1071 3077 freqvens.

152 3147 279 3232 DESC.
325 3145 492 3237 Caspituli
507 3149 690 3232 aggregati,
715 3171 790 3212 saxa
804 3148 967 3211 maritima
984 3146 1086 3212 denso
1111 3146 1277 3234 viridiqve
1297 3141 1460 3209 velamine
1481 3144 1683 3226 obtegentes,

242 3250 360 3316 lineam
375 3275 472 3315 unam
484 3251 662 3317 alteramve
674 3247 778 3334 longi.
825 3249 897 3315 Fila
913 3275 952 3315 ex
969 3250 1084 3315 eadem
1095 3250 1166 3314 basi
1186 3246 1330 3338 plurima
1357 3245 1527 3317 exeuntia,
1550 3246 1681 3334 simpli·

242 3356 306 3435 cia,
331 3354 484 3436 flaccida,
509 3354 679 3434 tubulosa,
702 3357 875 3426 continua,
899 3355 971 3420 basi
985 3371 1168 3434 attenuata,
1191 3353 1284 3442 apice
1303 3352 1479 3420 incrassata
1500 3366 1532 3414 et
1556 3350 1681 3415 obtusa.

237 3460 345 3526 Massa
360 3461 489 3525 interna
499 3457 684 3543 granulosa,
698 3457 824 3535 viridis,
837 3458 892 3523 hic
907 3456 977 3522 illic
993 3455 1144 3545 desinens
1158 3453 1494 3545 geniculaqvespuria
1508 3455 1684 3519 mentiens.

238 3561 342 3632 Color
362 3564 489 3630 viridis.
531 3563 718 3629 Substantia
742 3563 858 3626 tenuis.
903 3562 1044 3628 Aestate.

144 3689 248 3758 0138.
290 3691 332 3755 In
349 3689 475 3758 fabrica
489 3692 618 3755 interna
633 3711 708 3754 cum
722 3687 763 3752 ad
779 3686 1018 3777 precedentem
1034 3685 1172 3766 accedit,
1194 3685 1339 3775 primum
1348 3679 1499 3768 credidi,
1522 3705 1594 3744 cam
1608 3704 1686 3746 mo·

239 3792 285 3858 do
308 3818 377 3860 esse
399 3810 519 3859 statum
541 3797 609 3878 ejus
628 3789 823 3878 juvenilem
856 3790 915 3856 sed
937 3807 1047 3879 qvuur
1061 3788 1143 3855 locis
1163 3788 1296 3878 qvidem
1316 3785 1438 3851 dissitis
1461 3806 1533 3847 eam
1554 3801 1686 3875 semper

243 3895 378 3962 eandem
396 3920 528 3964 servare
548 3912 704 3961 staturam
723 3893 884 3984 pumilam
906 3890 984 3958 dein
1009 3893 1249 3973 observassem,
1287 3906 1325 3955 nt
1345 3886 1521 3979 propriam
1541 3889 1686 3978 speciem

244 4023 517 4093 earnproponere
531 4024 602 4066 non
616 3997 773 4064 dubitavi.
1802 3987 1805 3993 ’

176 4212 247 4281 11.
301 4188 349 4268 V.
368 4199 563 4292 aqvaticc3
597 4198 668 4268 filis
691 4198 905 4287 caespitosis,
936 4192 1114 4286 hyalinis,
1147 4191 1416 4280 minutissimis,
1449 4187 1684 4280 simplicibus,
1709 4198 1801 4270 Tul),
1818 4212 1880 4283 22,

86 4324 205 4427 apice
232 4330 382 4402 clavatis
404 4333 595 4427 frucisqve.
1240 4357 1244 4370 ·

236 4460 346 4533 Byssus
362 4471 502 4532 aquatica
520 4463 558 4516 vt.
580 4460 607 4514 d.
627 4459 697 4515 Tab.
717 4459 777 4531 396.

235 4563 441 4617 Haesktmmel
462 4563 565 4618 Miller
582 4563 611 4616 in
630 4563 704 4620 Nor.
723 4564 781 4616 Act.
799 4561 882 4617 Haln.
901 4579 953 4633 pro
972 4575 1048 4613 anno
1066 4568 1142 4625 1738.
1160 4555 1225 4610 Vol.
1248 4557 1297 4609 111.
1316 4569 1344 4626 p.
1366 4563 1406 4616 13.

85 4692 259 4762 Habitat
273 4694 318 4762 ad
333 4691 475 4763 muscas
490 4696 530 4765 in
543 4718 632 4789 aqva
647 4701 838 4779 emortuas,
854 4686 1008 4760 Miiller.
1024 4721 1076 4737 -
1087 4680 1227 4753 Ibidem
1244 4683 1290 4752 ad
1306 4655 1577 4772 Hofmansgave
1591 4678 1685 4747 Fic-

78 4832 164 4900 niae
176 4826 279 4919 legit
290 4824 499 4922 Hofmann
512 4829 638 4920 Bang.
661 4858 710 4916 ⁸⁶.
731 4819 789 4891 Ad
805 4820 1078 4892 Gasterostetnn
1092 4814 1298 4890 aculeatum
1316 4820 1357 4888 in
1378 4815 1462 4886 lacu
1491 4808 1683 4902 subalpino

72 4985 208 5059 prope
222 4961 319 5031 Naes
338 4951 493 5033 Osteriie
509 4963 647 5032 Faeroae
663 4967 868 5029 emortuum
884 4956 962 5045 ipse
980 4954 1065 5024 vidi.
