4525 5842
538 371 953 469 snmronanra.·
1007 378 1286 456 oonranve
1573 396 1646 480 ass

107 597 118 606 “
162 588 290 657 DESC·
333 585 476 653 Stratum
499 580 746 658 densissimum,
772 587 925 664 crassius,
962 607 1053 676 aqvae
1075 587 1262 678 superficiei
1286 589 1446 656 innatans.
1494 589 1567 657 Fila
1583 601 1698 659 ramoss

248 692 384 769 sissima,
412 686 572 778 implexa,
597 688 755 780 capillum
769 689 949 754 humanum
963 691 1108 755 crassitie
1123 695 1300 781 aeqvantia,
1326 696 1354 758 si
1369 697 1586 777 extricentur,
1612 698 1694 764 duos

244 796 285 861 ad
307 811 448 885 qvatuor
462 791 601 883 pollices
622 790 739 877 longa,
768 793 912 883 aequalia.
960 796 1053 859 Rami
1072 794 1260 875 divaricati,
1291 799 1533 881 remotiusculi,
1566 799 1694 883 alterni,

240 898 409 966 interdum
423 915 531 962 tamen
547 895 700 961 nonnulli
715 896 868 977 secundi,
892 897 1027 989 aliisqve
1045 898 1158 965 eadem
1171 884 1297 966 ratione
1310 899 1434 991 pluries
1450 903 1617 996 dispositis
1632 907 1696 969 ite-

239 1029 315 1070 rum
331 1007 519 1091 iterumque
533 1001 674 1082 obsessi,
706 1002 833 1092 apicem
848 1026 961 1068 versus
987 1002 1187 1093 aliqvantum
1209 1008 1380 1084 attenuati,
1406 1009 1502 1072 acuti.
1555 993 1695 1075 Articu-

239 1109 351 1177 lorum
366 1107 423 1173 alii
439 1106 599 1172 diametro
614 1104 735 1196 4-5plo
750 1124 782 1171 et
793 1105 879 1171 ultra
894 1105 1078 1191 longiores,
1105 1107 1161 1174 alii
1176 1110 1337 1199 imprimis
1352 1108 1395 1174 ad
1406 1111 1500 1177 basin
1513 1112 1693 1179 breviores.

240 1213 405 1283 Genicula
425 1210 621 1302 plerumqve
640 1209 817 1300 pellucida.
875 1209 977 1277 Color
1000 1211 1134 1278 sordide
1154 1212 1285 1295 viridis,
1319 1214 1484 1281 interdum
1505 1216 1693 1282 flavescens.

239 1318 431 1386 Substantia
452 1311 680 1399 rigidiuscula,
704 1316 870 1381 exsiccate
888 1314 1024 1401 fragilis.
1070 1318 1158 1383 Vere
1176 1334 1208 1383 et
1228 1333 1346 1384 aestate.
1395 1318 1524 1385 Chartae
1544 1319 1615 1385 laxe
1632 1319 1695 1385 ad-

241 1425 356 1489 haeret.
696 1433 699 1438 '

151 1540 250 1609 ΟΒ8.
296 1541 463 1607 Articulos
482 1536 594 1606 medio
611 1539 878 1617 intumescentes,
907 1561 988 1628 qvos
1010 1536 1079 1603 Cel.
1093 1537 1304 1626 Dillwynius
1327 1536 1540 1605 delineandos
1554 1542 1693 1620 curavit,

247 1644 396 1711 nondum
417 1645 608 1724 observavi3
631 1641 826 1733 corpuscula
842 1640 898 1707 illa
914 1640 1067 1725 globosa,
1091 1640 1194 1708 limbo
1210 1641 1377 1733 pellucido
1392 1647 1515 1723 cincta,
1541 1667 1612 1733 qvae
1629 1668 1693 1733 pro

250 1748 387 1840 capsulis
402 1748 583 1814 venditavit
598 1744 685 1812 idern
700 1766 824 1827 auctor,
850 1747 930 1826 haec,
957 1764 1036 1811 toste
1050 1748 1186 1824 Rotlu'o,
1205 1744 1252 1811 nil
1266 1746 1355 1812 aliud
1370 1765 1456 1826 sunt,
1482 1771 1580 1837 qvam
1596 1745 1695 1812 ovula

245 1855 361 1919 insecti
384 1851 564 1937 cujusdam.
589 1887 633 1901 ·-
659 1849 830 1937 Conservis
847 1852 975 1916 hirtam
995 1850 1047 1918 Fl.
1063 1852 1139 1916 dan.
1161 1852 1245 1915 Tab.
1258 1850 1425 1928 947L-huic
1445 1852 1566 1941 speciei
1581 1867 1618 1915 ut
1634 1874 1696 1915 va-

247 1961 395 2023 rietatem
409 1957 528 2021 merito
544 1954 704 2047 adposui3
730 1957 807 2020 nain
828 1981 866 2021 ex
889 1956 992 2042 figura
1013 1954 1064 2021 Fl.
1081 1955 1158 2021 dan.
1175 1954 1270 2021 facile
1282 1972 1390 2046 patet,
1419 1977 1508 2033 eam,
1532 1952 1695 2044 siqnidem

247 2065 376 2127 Leaena
389 2061 533 2127 trisuleo
548 2061 672 2149 caespiti
689 2063 756 2144 ejus
771 2061 916 2124 immixta
931 2077 996 2140 est,
1021 2059 1164 2125 incolam
1183 2084 1252 2126 esse
1273 2082 1363 2148 aqvas
1378 2057 1501 2136 dulcis,
1531 2075 1564 2122 ct
1577 2082 1695 2147 qvam-

246 2170 294 2233 vis
309 2165 399 2231 nulla
415 2168 449 2231 in
466 2167 502 2230 ea
513 2163 662 2249 genicula
677 2165 931 2254 conspiciantur,
946 2163 1013 2230 ho'c
1028 2180 1137 2229 tamen
1152 2189 1221 2231 non
1234 2165 1343 2247 magni
1359 2181 1407 2228 est
1420 2164 1597 2243 momenti3
1617 2185 1695 2227 nam

244 2284 276 2351 1,
300 2289 449 2362 tempore
465 2267 591 2336 vernali
604 2267 659 2334 fila
672 2267 769 2351 hujus
785 2268 957 2334 Conservae
969 2268 1014 2333 ob
1030 2290 1169 2334 massam
1181 2271 1343 2334 internam
1357 2267 1583 2332 densissimam
1596 2264 1695 2356 plane

241 2401 347 2467 opaca
363 2394 397 2440 et
410 2376 576 2450 continua,
601 2372 683 2438 adeo
697 2388 732 2436 ut
750 2369 840 2436 nulla
855 2372 1003 2455 genicula
1018 2391 1207 2462 appareant,
1231 2375 1266 2437 in
1280 2388 1494 2461 eonspeotum
1511 2369 1601 2435 haud
1615 2393 1693 2435 raro

242 2482 397 2558 veniunt,
421 2496 454 2544 et
467 2492 498 2556 2,
514 2475 703 2545 Vorticellis
718 2493 814 2565 atqve
831 2474 1012 2540 Echinellis
1028 2475 1110 2541 adeo
1127 2477 1258 2541 obsessa
1273 2490 1338 2550 est,
1364 2492 1417 2553 ut,
1440 2476 1467 2538 si
1481 2472 1533 2539 vel
1547 2470 1696 2557 genicula

251 2584 426 2662 adessent,
451 2582 491 2645 ab
511 2582 576 2646 istis
593 2582 774 2672 parasitieis
796 2579 893 2670 plane
919 2578 1160 2662 obtegerentnr.
1183 2613 1225 2629 -
1249 2580 1403 2644 Ceterum
1423 2574 1464 2640 de
1483 2593 1571 2641 textu
1585 2574 1694 2639 Flore

256 2687 399 2766 danica,
427 2684 534 2751 locum
552 2685 688 2750 natalem
708 2675 895 2764 omittente,
921 2681 1164 2750 observandum
1185 2699 1251 2762 est,
1283 2684 1369 2746 inter
1389 2678 1612 2767 manuscripta
1633 2675 1695 2742 de·

254 2792 360 2857 suncti
375 2790 517 2856 simleri
531 2788 598 2854 Cel.
619 2788 659 2855 V
654 2790 803 2866 altlium,
829 2785 973 2873 ejusdem
996 2810 1233 2865 successorem,
1263 2783 1311 2849 nil
1333 2783 1423 2873 qvod
1443 2783 1528 2847 hane
1551 2777 1697 2873 tabulam

150 2967 152 2970 .
251 2894 447 2972 illustraret,
471 2893 528 2960 sed
542 2905 644 2960 modo
660 2896 765 2984 ipsam
780 2894 836 2958 aeri
859 2893 994 2957 incisam
1006 2893 1167 2981 reperisse
1175 2916 1186 2973 3
1211 2889 1300 2956 idem
1315 2891 1412 2955 etiam
1428 2884 1514 2956 valet
1531 2884 1571 2951 de
1588 2883 1699 2950 Tabb0'

246 3006 313 3079 945
329 3017 362 3066 et
374 3006 435 3077 949
443 3047 454 3079 ,
480 3022 552 3090 qvae
567 2998 779 3084 meoiudicio
797 2993 1002 3082 Conservam
1012 2995 1254 3086 florescentem
1275 3010 1307 3057 et
1327 2992 1361 3058 V
1362 2992 1559 3057 secheniam
1578 2990 1698 3054 clavo-

201 3191 204 3199 Δ
248 3117 322 3171 tam
336 3109 463 3172 sistunt.
487 3140 531 3154 ·-
549 3106 697 3175 Varietas
711 3132 745 3185 γ,
768 3126 839 3192 qvae
854 3100 935 3166 loeis
949 3098 1100 3162 indicatis
1115 3099 1248 3186 copiose
1263 3097 1446 3171 invenitur,
1466 3117 1530 3182 pro
1545 3092 1698 3157 distincta

255 3213 362 3301 specie
377 3210 468 3276 facile
483 3211 600 3276 haberi
615 3210 737 3299 possit3
762 3206 816 3270 fila
835 3206 922 3269 enim
937 3201 1135 3285 longissima,
1160 3217 1267 3267 recta,
1292 3196 1443 3286 aeqvalia,
1465 3195 1573 3258 ulnari
1594 3211 1627 3257 et
1641 3192 1696 3256 ul·

257 3331 304 3379 tra
328 3313 551 3399 longitudine,
582 3312 821 3403 simplicissima
842 3308 1013 3387 videntur,
1051 3303 1195 3370 articulis
1215 3301 1374 3368 diametro
1396 3305 1458 3372 4-5
1480 3296 1696 3380 longioribus,

253 3418 475 3511 geniculisqve
497 3419 665 3498 obscuris3
696 3433 728 3480 at
748 3417 774 3479 si
799 3413 993 3497 deligentius
1017 3412 1261 3488 examinantur,
1292 3404 1458 3482 videmus,
1488 3426 1524 3467 ea
1541 3398 1583 3464 ad
1603 3399 1698 3463 basin

252 3522 309 3589 filo
325 3525 444 3608 majori
461 3523 678 3611 crassioriqve
692 3519 863 3585 Conservae
881 3535 1000 3584 nostrae
1021 3539 1090 3581 esse
1107 3535 1249 3593 annexa3
1278 3527 1422 3577 ceterum
1439 3506 1532 3575 color
1547 3504 1698 3593 cespitis,

253 3627 353 3693 radiis
370 3626 449 3694 solis
464 3628 499 3691 in
514 3622 707 3690 scrobiculis
722 3622 841 3714 tepidis
857 3623 1014 3713 expositi,
1040 3620 1216 3684 flavescens
1233 3613 1358 3693 evadit,
1385 3612 1535 3679 elotionis
1556 3608 1698 3697 speciem

253 3757 322 3823 prae
338 3757 372 3798 se
387 3731 508 3796 serens.
520 3763 561 3779 -
573 3731 740 3817 Tempore
753 3728 895 3817 hyemali
909 3726 977 3791 vidi
991 3727 1025 3788 in
1040 3714 1205 3791 Varietate
1218 3726 1246 3792 δ.
1263 3715 1457 3807 corpuscula
1473 3713 1620 3803 qvaedam
1635 3733 1698 3799 pa-

255 3839 384 3903 rasitica
402 3834 478 3923 (eir.
492 3835 575 3899 Tab.
592 3842 644 3907 52.
657 3831 706 3898 D.
718 3833 776 3917 2.),
802 3855 873 3923 qvae
890 3831 960 3895 sine
983 3826 1084 3893 dubio
1106 3840 1183 3892 sunt
1197 3821 1294 3893 ovula
1307 3820 1422 3890 insecti
1438 3814 1606 3904 cujusdam
1625 3837 1699 3879 ma-

255 3966 331 4007 rtnl.

203 4147 266 4227 36.
321 4144 358 4215 G
375 4142 535 4233 sericea3
559 4144 627 4216 filia
641 4141 908 4232 ramosissimis3
938 4136 1054 4208 ramis
1071 4128 1304 4204 inferioribus
1320 4125 1538 4201 verticillatis
1559 4123 1699 4195 tricho-
1723 4137 1815 4210 trab,
1835 4141 1897 4219 53,

126 4280 325 4371 tenusve,
361 4280 603 4371 superioribus
625 4279 815 4368 oppositis5
856 4272 1005 4344 ramulis
1025 4270 1161 4341 ultimis
1182 4265 1431 4353 subsecnndis,
1470 4255 1697 4341 fasciculetis,

133 4412 329 4502 confertis,
356 4411 509 4482 merulis
524 4414 701 4483 diametro
720 4407 905 4504 qvintuplo
927 4406 1160 4498 longioribus.

262 4550 415 4622 Conserva
430 4561 538 4607 sericea
556 4552 594 4608 Fl.
615 4550 679 4608 dan.
701 4550 769 4607 st.
793 4555 854 4615 651.
875 4546 919 4618 fig.
942 4566 964 4603 1.
983 4572 1020 4586 -
1035 4541 1124 4597 Wull.
1146 4555 1229 4612 crypt·
1248 4557 1277 4595 n·
1297 4543 1337 4602 ²4·
1358 4559 1393 4575 ⁸·
1409 4527 1526 4584 Duclffl·
1538 4526 1597 4582 3⁸⁸·
1616 4545 1644 4600 P·
1657 4533 1700 4594 45·

184 4689 229 4788 β)
253 4693 443 4779 intricata,
478 4694 546 4764 filis
568 4695 835 4782 ramosissimis,
878 4690 1036 4761 maxime
1057 4683 1253 4771 intricatis,
1282 4785 1285 4792 ⁴
1292 4698 1398 4771 gyras
1420 4671 1703 4750 vermicttariter
1728 4677 1817 4750 Tau
1837 4682 1897 4760 53.

234 4830 409 4901 flexuosas
432 4830 742 4900 constituentibus.
1445 4793 1450 4802 Ι

180 4998 222 5098 y)
248 5002 421 5084 marina,
445 4999 513 5072 filis
527 4998 796 5086 ramosissimis,
823 4995 984 5082 sericeis,
1006 4993 1126 5072 rectis.

1227 5106 1312 5193 tao)
