4525 5842
389 387 475 439 mr.
811 382 819 389 ’
1093 365 1369 440 Mfflo‘.

339 563 629 691 tra-regulas
658 569 772 657 artis
809 560 1149 689 dehnqvimus3
1198 590 1446 659 utentem
1479 587 1653 656 natura
1679 561 1866 692 legibus
1894 565 2115 656 humanis
2255 579 2256 639 l

339 707 605 836 praevalet,
634 712 705 801 sic
738 716 886 803 etiam
911 707 1167 835 dispositio
1194 711 1624 839 Hydrophytorum
1645 708 1900 823 neutralis,
1945 744 2004 803 ex
2031 710 2118 800 has
2255 696 2256 739 ⁷

339 853 448 949 bitu
470 876 646 970 sumta,
684 852 975 967 aruficiosae,
1012 886 1071 946 ex
1093 855 1254 949 fructu
1278 880 1467 970 sumtu,
1502 889 1579 948 me
1603 857 1801 977 judice,
1821 878 2118 978 anteponen-

342 997 425 1111 da;
456 1022 598 1123 atqve
617 1001 730 1092 haec.
749 998 942 1124 quidum
967 1000 1222 1125 dispositio
1241 998 1472 1093 naturalis
1494 1032 1599 1093 non
1613 999 1770 1091 solum
1791 998 1983 1092 facilior
1999 1002 2118 1091 mihi

340 1143 552 1257 videtur,
599 1145 687 1236 sed
713 1149 858 1236 etiam
875 1144 1061 1256 utilior3
1105 1146 1297 1270 qvando
1325 1151 1452 1239 enim
1471 1148 1759 1272 specimina,
1802 1176 1902 1271 qve
1921 1177 1974 1236 se
1999 1150 2120 1236 invi·

344 1321 450 1385 cem
473 1288 937 1403 maxime-referunt,
976 1295 1109 1412 juxta
1127 1314 1472 1416 seponuntur,
1511 1322 1682 1383 eorum
1706 1295 2023 1383 commutatio
2049 1289 2120 1381 ia-

344 1433 520 1529 cillime
544 1433 848 1558 prohibetur,
893 1459 942 1527 et
967 1440 1150 1561 optime
1172 1440 1481 1562 perspicitur,
1524 1437 1696 1559 qvibus
1723 1441 1774 1525 in
1791 1422 1985 1560 punctis
2004 1467 2120 1527 con·

343 1583 572 1692 ueniant,
600 1579 770 1694 ovibus
792 1585 939 1673 etiam
956 1578 1245 1708 discrepent
1310 1585 1439 1673 Inter
1461 1604 1681 1673 auctores
1707 1577 1899 1703 quidem
1917 1603 2117 1694 constat,

346 1721 478 1849 qvod
497 1728 617 1837 scis,
658 1756 719 1816 ex
740 1724 859 1817 flore
888 1748 936 1816 et
957 1722 1116 1818 fructu
1128 1722 1384 1817 sumendas
1404 1754 1506 1817 esse
1530 1747 1673 1816 notas
1688 1721 1815 1839 illas,
1850 1724 2021 1848 qvibus
2049 1724 2144 1815 di··

344 1873 469 1961 visio
494 1900 723 1996 generum
749 1873 839 1961 niti
864 1869 1029 1982 debet,
1077 1872 1506 1984 characteristicum
1539 1868 1627 1961 sed
1654 1868 1796 1960 simul
1821 1896 2024 1960 menon
2047 1869 2122 1960 iu*

346 2017 435 2139 git,
477 2014 605 2104 hanc
627 2012 803 2140 legem,
847 2018 1036 2105 ratione
1058 2016 1291 2138 imprimis
1320 2016 1384 2104 ad
1408 2013 1598 2139 plantas
1627 2012 2011 2142 phanerogamas
2037 2013 2123 2105 ha·

347 2159 470 2273 bita,
505 2155 653 2250 latam
678 2190 805 2271 esse,
837 2182 887 2250 et
902 2160 1048 2272 absit,
1082 2178 1137 2249 ut
1161 2158 1287 2250 hanc
1306 2158 1693 2286 Phanerogamas
1714 2154 2006 2282 disponendi
2025 2193 2123 2253 me·

348 2301 564 2429 thodum
582 2309 816 2428 optimum
838 2332 1087 2432 negarem
1123 2335 1239 2392 nam
1266 2334 1361 2426 qvo
1388 2306 1602 2427 penitior
1624 2306 1676 2390 in
1700 2301 1876 2426 plantae
1902 2322 2125 2396 naturam

348 2446 658 2573 indolemque
681 2450 848 2564 intrat,
898 2473 954 2541 ut
979 2480 1040 2541 eo
1068 2451 1394 2562 constantior,
1433 2451 1503 2539 sic
1529 2470 1579 2538 et
1600 2444 1794 2557 melior3
1836 2445 1923 2539 sed
1951 2448 2124 2542 dantur

344 2616 400 2687 et
423 2592 526 2684 aliae
549 2589 739 2718 plantas
760 2588 1006 2689 dividendi
1033 2591 1273 2705 methodi,
1313 2595 1442 2716 qvod
1470 2594 1729 2683 conamina
1754 2590 2125 2687 clarissimorum

349 2743 563 2833 virorum
589 2762 637 2832 et
654 2748 764 2830 erite
791 2761 839 2831 et
854 2760 968 2864 post
983 2760 1204 2863 tempora
1221 2736 1523 2827 illustrissimi
1548 2741 1742 2826 Linnaei
1764 2738 1958 2861 incepta
1977 2762 2027 2830 et
2053 2744 2125 2828 ina

347 2887 535 2994 stituto,
572 2912 664 2974 nec
685 2881 829 3007 plane
847 2886 1002 2996 irrita,
1034 2882 1150 2974 satis
1177 2883 1517 3006 comprobant3
1547 2904 1776 3004 praeterea
1794 2878 1989 3008 regtdae,
2025 2878 2126 3006 qves

350 3026 513 3121 valent
525 3026 588 3120 de
603 3028 1001 3156 Phanerogamis,
1037 3032 1216 3153 qvippe
1234 3058 1431 3152 quarum
1450 3023 1632 3119 fmcuu
1649 3048 1697 3117 et
1714 3023 2037 3116 fructificandi
2052 3060 2129 3119 ra·

352 3178 423 3265 tio
453 3171 698 3266 evidenter
726 3172 791 3265 oh
825 3172 994 3265 oculos
1018 3176 1163 3265 nohis
1186 3195 1420 3286 versatur,
1475 3171 1653 3262 eudem
1680 3168 1741 3261 de
1776 3161 2125 3299 Cryptogamis,

348 3350 553 3440 qvamm
578 3314 760 3409 husun
779 3320 959 3407 intimis
984 3348 1117 3439 saepe·
1131 3316 1396 3408 recessibus
1424 3311 1757 3427 absconditur,
1798 3347 1902 3406 non
1922 3349 2126 3440 semper,

352 3495 445 3553 nec
462 3467 570 3552 sino
585 3464 717 3551 omni
736 3458 1122 3555 contradictione
1136 3458 1297 3554 valere
1313 3483 1530 3586 possunt.
1581 3464 1748 3582 Atqve,
1772 3466 1816 3551 si
1834 3462 1960 3552 inter
1977 3464 2130 3587 Cryp-

351 3628 571 3731 togamas
602 3605 665 3697 ad
694 3606 1123 3731 Hydrophytomm
1151 3603 1382 3695 lumiliam
1417 3600 1773 3718 descendimus,
1816 3637 1876 3696 ex
1902 3610 1982 3722 iis,
2028 3638 2130 3731 qves

350 3754 453 3871 jam
478 3773 620 3840 antea
641 3748 762 3866 diri,
804 3757 1035 3875 seqvitur,
1090 3777 1146 3845 ut
1169 3749 1348 3839 fructus
1376 3778 1564 3861 eorum,
1613 3747 1800 3873 qualem
1833 3776 1944 3842 eum
1970 3750 2131 3846 adhuc

346 3898 580 3985 novimus
604 3888 940 4018 imperfectum
970 3920 1018 3990 et
1043 3890 1479 4005 dubiis'vexamm,
1512 3916 1744 4019 tanquam
1766 3895 2131 3989 fondamentum

354 4029 623 4152 dirisioois,
644 4038 924 4134 difficillime
940 4036 1029 4132 aut
1039 4041 1183 4166 plane.
1198 4066 1300 4129 non
1315 4030 1429 4167 eligi
1447 4023 1665 4162 possit‘),
1698 4070 1852 4164 neqve
1873 4039 1988 4132 inde
2003 4036 2131 4132 sumi

353 4186 548 4311 possipt
568 4208 696 4276 notae
709 4214 942 4311 generum
966 4178 1379 4285 characteristica,
1415 4183 1650 4308 siqvidem
1676 4187 1728 4272 in
1746 4183 1850 4277 aliis
1871 4208 1943 4278 est
1962 4190 2138 4315 incog-'

351 4332 509 4445 meus,
552 4333 606 4420 tn
631 4329 738 4422 aits
773 4335 1062 4444 rarissimus,
1116 4328 1441 4423 strumum
1476 4324 1580 4421 ass
1610 4327 1815 4456 suplex,
1864 4354 1919 4423 ut
1950 4314 2133 4461 organa

406 4630 440 4704 *5
478 4627 516 4692 lu
530 4650 559 4699 ’,ι
575 4619 704 4710 tuh‘m
722 4644 762 4693 so
784 4626 937 4693 'uttrinttc
954 4644 990 4690 tt
1004 4620 1092 4705 this,
1112 4608 1339 4699 inmodste
1359 4625 1479 4716 ΗΜ
1493 4622 1663 4695 stiria&
1677 4622 1754 4693 dist
1772 4623 1816 4692 tll
1836 4625 2042 4717 prejudiooe‚
2066 4627 2135 4694 aad

357 4804 365 4813 „
493 4728 536 4815 all
560 4730 787 4820 conspuimus
811 4728 879 4795 and
900 4727 989 4796 ideas
1013 4729 1055 4797 os
1065 4727 1209 4818 anslogy
1226 4729 1327 4805 tahon
1349 4729 1438 4799 frum
1455 4730 1565 4823 pltuts
1588 4731 1735 4824 growing
1759 4751 1804 4797 un
1825 4728 1922 4808 land,
1950 4730 2073 4801 should
2089 4733 2134 4813 be

493 4830 642 5007 {pultrel}
651 4818 721 5029 133
732 4830 856 5011 ,aggilu⁴
899 4830 1127 4923 Goodenouglt
1150 4826 1218 4899 and
1242 4824 1458 4981 Woodscord
1486 4822 1713 4945 in'l'rsnstct.
1740 4832 1783 4903 oi
1808 4828 1863 4900 the
1884 4833 2036 4902 linnean
2055 4834 2134 4973 Soc.
