4525 5842
624 325 674 406 64
891 265 895 274 ¹
935 323 1110 398 arcuo
1139 317 1373 402 monum
1421 316 1779 395 sovrostrnov.

2228 459 2229 502 t

623 577 626 584 ,
706 531 875 611 intricata,
906 531 1099 614 ramivagi,
1130 527 1269 608 alterni.
1298 552 1387 594 nunc
1407 526 1544 608 remoti,
1568 545 1657 591 nunc
1676 522 1911 615 approximati,
1934 520 2006 585 basi
2031 515 2155 610 patuli,
2228 521 2229 538 ¹

705 637 833 725 apicem
847 659 959 702 versus
976 635 1141 714 attenuati,
1166 632 1344 724 capillacci,
1368 632 1502 723 aliisqve
1519 629 1701 696 minoribus
1719 625 1860 708 obsessi,
1883 623 2003 690 ramuli
2018 620 2155 700 alterni,
2228 693 2229 708 ¹

707 739 915 819 subsecundi,
933 738 1087 810 flexuosi,
1110 739 1300 803 tenuissimi.
1347 738 1487 802 Fructus
1503 733 1633 800 Semina
1652 731 1740 797 nuda
1754 730 1898 797 solitaria
1914 727 2003 824 lusca
2020 725 2157 792 frondis

705 842 892 908 substantia
909 843 964 907 bic
978 841 1049 907 illic
1065 837 1227 907 immersa.
1275 839 1378 908 Color
1398 835 1692 914 fusco-olivam,
1717 835 1884 902 interdum
1909 833 2013 898 dilute
2042 830 2155 896 luteus

707 962 763 1010 aut
781 948 955 1012 virescens.
1012 945 1201 1011 Substantia
1225 946 1389 1026 coriacca,
1421 942 1519 1009 lenta.
1573 942 1703 1009 Chartae
1721 939 1794 1007 laxe
1814 939 1969 1006 adbaeret.
2017 936 2155 1002 Annua.
2228 961 2229 964 ¹

707 1051 793 1116 Vere
811 1051 971 1140 imprimis
987 1048 1115 1132 legitur.
2023 1075 2027 1080 ·

618 1164 713 1231 OBS.
760 1165 915 1232 Remulos
931 1168 1028 1249 hujus
1043 1155 1164 1256 speciei
1181 1165 1272 1232 fibris
1288 1165 1475 1250 geniculatis
1492 1163 1665 1257 pellucidis
1681 1162 1883 1254 simplicibus
1908 1184 1997 1225 nunc
2019 1157 2154 1223 densis·
2228 1195 2229 1248 ,

706 1271 814 1350 simis,
835 1295 924 1335 nunc
945 1271 1101 1337 remotius
1120 1271 1281 1359 oppositis
1305 1272 1470 1351 obsessos,
1497 1278 1546 1357 (ut
1568 1272 1604 1334 in
1623 1269 1708 1334 Tab.
1733 1274 1783 1339 14.
1806 1268 1845 1332 C.
1871 1278 1900 1336 1.
1919 1277 1951 1337 3.
1973 1260 2150 1344 sistuntur)

707 1398 794 1463 saepe
819 1375 1002 1440 observavi.
1048 1375 1210 1437 Praeterea
1233 1392 1347 1440 notatu
1364 1374 1503 1458 dignum
1520 1374 1667 1453 videtur,
1693 1375 1782 1465 ipsos
1807 1394 1915 1435 ramos
1938 1366 2152 1455 ramulosqve

706 1477 874 1542 interdum
892 1479 1079 1568 praeprimis
1100 1479 1230 1567 apicem
1254 1502 1366 1544 versus
1395 1478 1579 1543 articulatos
1603 1478 1770 1568 conspici,
1811 1471 1955 1539 articulis
1985 1471 2150 1537 diametro

707 1581 933 1662 brevioribus,
957 1600 989 1648 ct
1003 1580 1112 1648 medio
1131 1580 1218 1646 linea
1235 1581 1442 1649 transversali
1456 1581 1603 1647 dilutiori
1625 1582 1756 1647 notatis.
1802 1578 1842 1644 ld
1866 1594 1973 1642 autem
1992 1599 2063 1641 uon
2085 1579 2151 1641 nisi
2228 1623 2229 1644 v

683 1689 686 1694 “
707 1709 772 1775 pro
789 1685 949 1751 anomalia
966 1685 1110 1777 qvadam
1126 1685 1317 1751 babendum
1333 1703 1397 1766 est,
1422 1685 1584 1774 siqvidcm
1600 1685 1692 1751 frons
1706 1684 1783 1749 alias
1800 1683 1868 1749 sere
1882 1705 2012 1772 semper
2029 1683 2150 1746 inarti-
2228 1691 2229 1698 ’

632 1795 635 1802 ’
703 1790 811 1854 cu-lata
826 1790 878 1855 vel
895 1794 1050 1855 continua
1069 1806 1216 1879 apparet.
1237 1824 1279 1839 -
1302 1790 1497 1854 Ceramium
1510 1789 1675 1879 inflexum
1689 1790 1744 1869 R.,
1769 1786 2012 1854 aCel.Rotl1io
2032 1784 2076 1849 ad
2090 1784 2149 1851 lit·
2228 1821 2229 1888 p

707 1911 779 1958 tora
794 1895 893 1957 maris
907 1892 1046 1957 Balthici
1069 1895 1157 1958 circa
1175 1893 1355 1958 Fimbriam
1373 1892 1513 1958 insulam
1533 1891 1669 1974 lectum,
1694 1892 1736 1958 ad
1756 1894 1842 1958 hanc
1864 1892 2007 1982 speciem
2028 1890 2147 1972 retuli3
2228 1913 2229 1936 ἐ

588 2047 591 2056 .
705 2013 842 2060 testatur
855 1998 943 2061 enim
957 2000 1027 2089 ipse
1041 1999 1207 2076 Rotltius,
1228 1997 1313 2061 banc
1327 1996 1432 2079 algam
1445 2000 1481 2061 in
1497 1999 1572 2063 vivo
1587 2014 1671 2061 statu
1685 1995 1883 2061 simillimam
1903 2020 1973 2062 esse
1995 2021 2057 2062 suo
2081 1995 2148 2062 Ge-
2228 1997 2229 2040 3

704 2103 814 2165 ramio
830 2102 1025 2190 longissinw
1042 2103 1251 2194 (Gigariiaoe
1265 2100 1475 2188 confervoidi
1496 2100 1609 2185 mibi),
1635 2100 1716 2166 adco
1738 2119 1774 2178 ut
1796 2099 1890 2180 facile
1912 2124 1976 2190 pro
1999 2099 2147 2186 ejusdem

705 2207 859 2269 varietate
873 2205 987 2270 baberi
1001 2208 1122 2295 possit,
1148 2206 1176 2271 si
1198 2205 1353 2287 geniculis
1374 2204 1665 2290 evidentissime(?)
1688 2203 1827 2295 praedita
1848 2230 1917 2271 non
1939 2222 2030 2271 esset.
2059 2194 2147 2273 'sed

704 2306 775 2371 haee
789 2307 966 2389 genicula,
981 2326 1018 2375 ut
1033 2312 1171 2398 opinor,
1193 2333 1262 2375 non
1284 2308 1423 2378 multum
1439 2308 1485 2376 ad
1506 2333 1578 2374 rem
1596 2308 1738 2389 faciunt3
1762 2309 1874 2399 plures
1898 2311 1982 2376 enim
2002 2315 2144 2401 species,

704 2433 776 2498 qvae
794 2409 989 2501 plerumque
1004 2412 1217 2496 inarticulatae
1234 2431 1327 2494 sunt,
1351 2437 1588 2502 nonnunqvam
1601 2412 1751 2496 genicula
1765 2415 1801 2479 in
1815 2415 1947 2481 ramulis
1964 2416 2145 2483 ostendunt

669 2599 673 2608 Ι
702 2512 754 2599 [id
768 2513 858 2603 qvod
872 2519 939 2600 jam
956 2542 1062 2608 nupcr
1084 2517 1125 2582 dc
1149 2517 1211 2582 bac
1232 2519 1340 2607 specie
1360 2518 1531 2598 annotavi,
1556 2534 1588 2582 et
1610 2541 1710 2607 supra
1733 2515 1775 2586 de
1799 2520 1982 2610 (sagarum
2002 2522 2121 2604 viridi)
2131 2547 2144 2603 ς
2228 2533 2229 2594 l

701 2634 863 2706 praterea
876 2644 954 2685 cum
970 2621 1041 2701 iila,
1064 2639 1145 2687 testc
1163 2623 1405 2699 Rothio,'sunt
1416 2619 1515 2709 plane
1539 2646 1659 2712 opaca,
1685 2625 1742 2711 qvi
1765 2622 1819 2704 fit,
1843 2644 1880 2694 ut
1900 2627 2050 2710 genicula
2073 2631 2145 2696 evi·

700 2719 891 2788 deotissime
918 2727 1187 2812 conspiciantur?
1219 2729 1258 2790 In
1279 2726 1435 2816 Ceramia
1456 2750 1517 2791 suo
1541 2727 1713 2812 caespitoso
1735 2745 1768 2793 et
1791 2728 1975 2796 dichotomo
1999 2734 2147 2799 nostrisa
2228 2785 2229 2816 ,

701 2825 799 2887 etiam
817 2825 903 2889 visus
919 2843 969 2889 est
983 2827 1045 2891 sibi
1060 2826 1172 2892 videre
1194 2826 1363 2910 genicula,
1386 2851 1457 2918 qvae
1474 2828 1607 2919 qvidem
1625 2833 1746 2919 spuria
1763 2831 1898 2914 definit,
1923 2836 1983 2901 sed
2001 2836 2058 2902 fila
2083 2839 2145 2902 ha·

701 2948 778 2989 rum
788 2929 972 3016 specierum
983 2928 1081 3013 longe
1094 2929 1211 2996 melius
1229 2934 1386 2997 continua
1404 2931 1569 2998 dicuntur.
1615 2934 1772 3025 Suspicor
1786 2939 1902 3021 igitur,
1925 2939 2010 3006 hanc
2024 2944 2147 3009 Rothi}

701 3027 821 3111 Algam
834 3032 881 3097 nil
898 3033 988 3099 aliud
1005 3059 1092 3115 esse,
1118 3059 1216 3126 qvam
1233 3023 1662 3125 Scylos.foeaiculaceum,
1687 3043 1778 3124 cujus
1793 3041 1983 3110 tubulositas
2007 3046 2044 3110 in
2065 3071 2145 3137 spe-

700 3135 876 3202 ciminibus
892 3140 1096 3205 tenuioribus
1116 3140 1284 3204 interdum
1299 3165 1382 3224 aegre
1400 3143 1613 3231 conspicitur.
1661 3145 1734 3212 Huc
1757 3146 1898 3226 accedit,
1922 3149 2012 3239 qvod
2034 3154 2144 3241 speci·

700 3241 807 3319 urina,
832 3240 874 3304 ad
889 3241 979 3306 littus
994 3240 1218 3307 Bornholmiae
1233 3243 1317 3309 lecta
1333 3246 1415 3310 etin
1429 3245 1591 3312 bechariis
1611 3244 1653 3314 V
1646 3248 1734 3313 ahlii
1756 3269 1789 3315 ct
1809 3249 1992 3338 Hosmarm
2014 3255 2143 3346 Bongii

653 3409 656 3414 ‚
699 3344 762 3406 sub
779 3344 912 3408 nomine
929 3344 1079 3412 Ceruarii
1092 3346 1212 3437 infleoei
1225 3349 1264 3420 R.
1280 3369 1457 3430 asservata,
1479 3353 1514 3418 in
1529 3352 1618 3438 Scyt.
1627 3349 1905 3438 foenicubzcewn
1919 3361 2044 3446 optime
2060 3385 2142 3451 qva-

699 3442 809 3509 drant.
832 3480 871 3497 -
894 3446 1267 3536 Cercmaiwnfibroaum
1274 3455 1314 3519 ll.
1330 3456 1486 3521 Varietati
1493 3478 1571 3519 meae
1581 3483 1617 3537 y.
1634 3459 1763 3538 merito,
1784 3479 1821 3525 ut
1835 3462 1946 3548 credo,
1970 3465 2141 3550 subjunxi3

701 3548 845 3611 Rotlaius
861 3547 966 3631 algam
981 3574 1051 3614 eam
1074 3553 1161 3617 inter
1177 3557 1301 3634 Fucos,
1327 3581 1345 3619 0
1367 3560 1450 3621 mari
1474 3558 1719 3625 Groenlandico
1744 3564 1808 3628 sibi
1828 3564 1961 3645 allatos,
1983 3570 2142 3636 observa·

701 3652 766 3731 vi13
788 3669 839 3717 cst
861 3669 968 3717 autem
988 3654 1060 3720 haec
1082 3659 1193 3746 (atqve
1216 3661 1377 3749 imprimis
1401 3690 1438 3741 a,
1465 3679 1502 3727 ut
1523 3687 1561 3726 ex
1581 3664 1764 3745 herbariis,
1791 3691 1861 3757 qvae
1882 3673 1996 3750 citavi,
2028 3674 2142 3739 videre
2228 3661 2229 3664 Ἴ

699 3756 871 3838 contigit),
890 3757 936 3822 ad
949 3757 1062 3825 littora
1076 3761 1309 3828 Groenlandiae
1327 3764 1604 3856 sraqventissima3
1622 3767 1772 3859 capsulas
1784 3771 1965 3842 venditatur
1981 3800 2044 3868 pro
2057 3802 2142 3869 par-

647 3869 649 3872 ’
701 3858 807 3944 titulis
824 3861 1048 3945 heterogencis
1065 3867 1176 3955 potius
1192 3869 1358 3937 haberem.
2098 3891 2102 3898 ’

371 4064 462 4139 Tab.
484 4074 541 4151 15.
605 4113 607 4117 -
644 4062 676 4136 5.
736 4059 792 4127 Sc.
807 4082 1041 4154 compressam
1051 4090 1065 4153 ,·
1095 4067 1226 4138 fronde
1243 4079 1357 4139 terete
1380 4067 1542 4142 filiformi
1566 4072 1734 4145 tribulosa
1750 4099 1894 4150 ramosa
1912 4051 2141 4179 compressa}

566 4192 674 4260 ramis
684 4195 821 4280 sparsis
839 4197 1059 4286 simplicibus
1073 4202 1380 4276 decumbentibus.

700 4321 778 4405 Ulca
798 4341 955 4392 compressa
976 4327 1036 4382 Lin.
1057 4362 1087 4377 ..
1104 4329 1141 4382 ΡΙ.
1157 4327 1188 4381 d.
1210 4328 1279 4382 Tab.
1303 4334 1440 4416 1411οᾶ9.
1466 4351 1487 4389 v.
1507 4368 1535 4383 -
1551 4335 1653 4405 Ligbtl.
1679 4356 1705 4409 p.
1727 4341 1826 4412 539...
1839 4342 1916 4412 Engl.
1930 4344 1987 4399 bot.
2007 4347 2041 4400 Τ.
2060 4317 2144 4419 1719.ι

744 4428 787 4464 Δ..
807 4392 956 4446 Wahleub.
978 4396 1002 4448 il.
1023 4395 1095 4467 lapp,
1117 4417 1144 4448 n.
1165 4412 1227 4465 97⁰.
1246 4429 1274 4444 -
1293 4398 1384 4479 Strom
1404 4401 1518 4457 Sondm.
1542 4403 1608 4456 Ulva
1628 4425 1655 4458 n.
1678 4425 1702 4459 2.
1721 4442 1749 4456 -
1767 4411 1882 4476 fluvias>
1902 4416 1962 4484 569.
1984 4442 2017 4455 —
2034 4417 2141 4470 Dillcn.

758 4461 793 4513 Τ.
815 4475 842 4527 9.
862 4458 906 4530 fig.
929 4474 954 4525 8.
976 4478 1004 4515 01
1022 4466 1057 4519 T.
1081 4483 1119 4517 to.
1140 4462 1185 4533 fig.
1201 4476 1225 4531 3.
1235 4468 1373 4521 -Wcu-
1385 4480 1410 4536 4,
1425 4487 1457 4539 p.
1468 4473 1525 4523 aad.
1535 4497 1568 4511 ·-
1582 4473 1650 4525 Dec.
1664 4473 1689 4530 il.
1702 4475 1733 4529 fr.
1753 4496 1777 4538 2,
1797 4497 1823 4551 p.
1832 4496 1858 4550 7.
1872 4517 1900 4532 -.
1912 4485 1961 4553 Ag.
1971 4483 2036 4554 Syn.
2057 4504 2083 4555 p.
2091 4500 2140 4557 45.

684 4558 1131 4646 Ι00191ον000010010000110111.
1151 4568 1212 4623 Cat.
1232 4566 1289 4624 bot.
1310 4585 1333 4629 ι,
1351 4589 1379 4644 p.
1402 4573 1510 4628 160-
1530 4573 1567 4627 Fl.
1583 4595 1665 4646 germ.
1685 4588 1711 4642 5.
1727 4598 1756 4652 p.
1773 4590 1835 4649 435.

766 4669 794 4710 ’-
861 4673 967 4718 crinita
987 4668 1068 4724 noth.
1089 4670 1151 4724 Cat.
1172 4669 1230 4724 bot.
1251 4686 1276 4729 a,
1298 4690 1325 4743 p.
1347 4673 1696 4742 190..schum.ssnum.
1717 4698 1742 4741 a,
1763 4702 1791 4755 p.
1813 4701 1869 4758 ¹⁰4·

323 4847 327 4853 ,
365 4778 456 4849 Tab.
491 4777 538 4858 1'5
576 4877 578 4884 ,
617 4763 662 4861 β)
683 4764 895 4858 crispatus,
923 4770 1054 4842 fronde
1075 4784 1192 4844 terete
1215 4776 1383 4846 tubulosa
1409 4782 1578 4874 rugulosa
1599 4786 1871 4883 subcompressa
1882 4792 2145 4888 decumbente,

390 4878 433 4948 Β·
456 4890 535 4959 1-3·
662 4900 820 4974 ramulos
837 4902 1022 4996 capillares
1037 4917 1167 4979 teretes
1185 4910 1362 5003 simplices
1378 4916 1581 5008 ,eminente
1625 5005 1630 5015 Ι
