4525 5842
426 396 493 469 ἓιιι
957 364 961 369 ’
1134 364 1409 461 emmeno·

376 601 468 691 sita
492 588 728 719 praeterea·
746 590 842 681 late
862 592 1054 713 patens,
1093 586 1183 680 fuit
1209 586 1452 712 explicatu
1476 596 1535 680 eo
1564 584 1826 701 difficilior,
1869 598 1963 712 quo
1994 557 2152 681 minus

375 743 466 834 rite
498 736 740 831 excultum
755 735 854 824 luit
876 731 1141 861 Algologiae
1164 735 1363 825 Danieae
1391 736 1703 847 territorium,
1725 744 1932 856 ‘qvoqve
1953 732 2156 859 paucio-

373 918 455 979 ·res
484 888 537 973 in
554 883 694 975 libris
707 882 1048 970 Botanicor'um
1066 882 1368 969 Danicoruni
1385 883 1569 1002 species
1588 909 1677 992 pro
1696 876 1866 967 harum
1881 876 2157 1003 plantarum

375 1031 596 1121 ubertate
616 1023 801 1151 publici
821 1024 934 1143 juris
953 1020 1199 1146 hucusque
1216 1022 1352 1112 fectae
1371 1020 1576 1113 fuerunt·
1632 1025 1786 1145 Atqve
1807 1054 1868 1112 ne
1887 1025 1991 1113 sine
2009 1054 2155 1115 causa

364 1172 480 1266 ¹*baec
501 1174 673 1301 nugari
704 1154 965 1281 existimer,
1006 1189 1237 1257 annotare
1262 1165 1488 1278 sufficiet,-
1529 1198 1781 1258 numerum
1805 1165 2033 1294 Algarum
2055 1172 2156 1259 Da·

378 1325 617 1430 nicarum,
662 1313 908 1437 hucusque
934 1308 1292 1437 provulgatum,
1337 1314 1648 1404 centesimum
1662 1343 1764 1403 non
1790 1309 1992 1401 multum
2017 1344 2155 1405 exce-

380 1463 523 1556 dere.v
571 1459 789 1550 inflet-a
806 1461 1034 1565 Daru'co,¹
1063 1477 1118 1545 ut
1138 1488 1197 1547 ex
1220 1461 1437 1577 seqventi
1467 1478 1732 1579 conspectu
1759 1454 2032 1577 apparebit,
2075 1475 2155 1566 113

380 1606 567 1734 species
588 1626 634 1696 et
659 1623 710 1713 13
729 1605 996 1693 Varietates
1024 1604 1352 1712 continentur,
1390 1622 1437 1690 et
1461 1604 1513 1687 in
1533 1598 1758 1722 operibus
1784 1601 2154 1691 clarissimorum

378 1757 605 1845 Virorum
624 1741 970 1840 Schumoclren'
991 1768 1038 1835 et
1050 1749 1389 1834 Homemanni
1405 1775 1573 1868 paucas
1593 1739 1742 1833 modo
1765 1748 1949 1865 species
1969 1767 2154 1836 exstant
2177 1825 2181 1831 ,

380 1895 641 2019 descriptae.
689 1893 833 1980 *Hinc
858 1892 1002 1978 etiam
1025 1920 1222 2005 necesse
1245 1885 1358 2000 luit,
1391 1910 1446 1977 ut
1462 1886 1620 1977 multae
1640 1918 1778 1981 novae
1805 1886 2151 2012 descriptiones

382 2054 539 2135 essent
560 2033 886 2135 elaboranda,
919 2054 1078 2155 atqve,
1111 2035 1369 2155 quaestione
1391 2027 1906 2147 academicssrdinem
1927 2052 2153 2157 systema·

380 2193 530 2279 ticum
559 2176 853 2306 postulante,
914 2208 1024 2268 cum
1055 2173 1190 2265 filum
1215 2177 1479 2300 systematis
1506 2176 1800 2267 Ariadneum
1838 2176 1957 2268 mihi
1985 2176 2150 2291 defuit,
2215 2258 2218 2275 ,

380 2332 554 2423 necin
582 2324 789 2415 aliorum
811 2320 1058 2412 laboribus
1089 2319 1236 2444 plane
1258 2325 1558 2444 acquiescere
1582 2326 1744 2446 potui,
1779 2354 1960 2417 novum
1988 2321 2154 2449 dispo-

381 2474 570 2569 sitionis
599 2499 749 2598 genus
771 2465 849 2559 vel
875 2496 1055 2557 novum
1081 2486 1305 2619 systema,
1356 2470 1399 2556 si
1422 2471 1490 2558 ita
1514 2463 1673 2559 dicere
1699 2465 1833 2581 licet,
1883 2491 2007 2563 esset
2035 2500 2155 2563 con·

383 2615 607 2714 dendum.

410 2760 419 2819 s
508 2764 631 2853 His
619 2766 763 2889 igitur
786 2757 960 2871 allatis,
1000 2764 1123 2850 ratio
1144 2760 1239 2879 jam
1258 2760 1427 2884 paucis
1452 2756 1699 2852 reddenda
1722 2783 1792 2854 est
1819 2740 2150 2886 dispositionis

381 2910 508 3004 illius
533 2907 860 3030 systematicae,
914 2935 1013 3026 qvae
1043 2906 1094 2990 in
1121 2901 1217 2992 hoc
1251 2935 1401 3027 opere
1421 2926 1652 3027 usurpata
1676 2910 1940 3028 peritorum
1966 2903 2153 3025 judicio

381 3060 478 3179 jam
500 3050 760 3169 subjicitur.
833 3051 902 3135 Ex
926 3043 1115 3136 Tabula
1141 3051 1418 3172 synoptica,
1461 3076 1561 3169 qvae
1588 3053 1765 3171 primas
1793 3052 1975 3142 ordinis
2005 3070 2156 3175 syste-

375 3198 547 3294 matici
563 3193 714 3286 lineas
744 3188 1015 3301 adumbrat,
1051 3192 1227 3281 Lector
1250 3191 1512 3283 benevolus
1535 3224 1635 3284 uno
1663 3199 1794 3316 qvasi
1822 3198 1994 3287 obtutu
2014 3193 2155 3288 intel·
2197 3200 2200 3215 '

381 3347 499 3474 liget
527 3338 764 3449 ordinem,
814 3339 866 3422 in
893 3363 1031 3457 qvem
1054 3330 1373 3459 Hydropbyta
1398 3340 1590 3428 Danica
1615 3337 1697 3429 lric
1721 3336 1957 3460 disposita
1984 3364 2157 3435 occur*

382 3510 514 3599 runt,
546 3504 595 3574 et
612 3479 724 3571 inde
749 3480 897 3571 cuivis
920 3475 1062 3569 facile
1078 3478 1283 3602 patebit,
1323 3482 1374 3569 in
1394 3476 1713 3604 dispositione
1734 3515 1810 3573 me
1827 3487 1961 3607 prius
1986 3484 2047 3579 ad
2065 3486 2156 3576 ha·

382 3637 545 3727 bitum
567 3642 833 3737 externum,
883 3650 1023 3747 qvam¹
1056 3620 1118 3711 ad
1145 3621 1351 3713 fructum
1379 3630 1681 3748 respexisse..
1725 3629 1937 3720 Primum
1961 3629 2157 3755 quidem

386 3807 509 3904 opus
535 3765 828 3900 aggredienti
850 3789 1005 3858 totum
1030 3782 1271 3859 tentamen
1294 3769 1425 3887 juxta
1453 3767 1661 3862 fructum
1688 3770 1943 3898 disponere
1965 3781 2155 3871 animus

383 3923 494 4034 fuit3
519 3914 606 4011 sed
622 3910 1026 4036 Thalassiophyta
1052 3915 1284 4047 continua
1305 3916 1404 4005 sive
1421 3912 1741 4036 Phycoidata,
1775 3949 1976 4042 qvorum
1991 3942 2157 4015 tamen

372 4067 564 4161 -hnctus
587 4056 757 4157 melius
784 4087 923 4180 qvam
951 4062 1219 4147 ceterorum
1237 4055 1513 4149 enucleatus
1536 4055 1632 4152 dici
1655 4083 1835 4185 potest,
1877 4064 2154 4182 obstabant,

387 4241 480 4336 qvo
507 4209 669 4298 minus
684 4201 781 4290 hoc
802 4203 1107 4322 propositum
1133 4206 1390 4327 exegerim·
1447 4206 1585 4295 Licet
1607 4208 1741 4296 enim
1763 4204 1903 4331 plura
1922 4207 2159 4331 praeclara

386 4383 537 4481 opera
566 4345 628 4438 ad
653 4351 821 4435 hanam
844 4340 1115 4468 plantarum
1136 4341 1342 4435 fructum
1366 4345 1757 4474 cognoscendum
1780 4349 2021 4472 symbolas
2040 4386 2159 4449 suas

382 4500 599 4596 maxime
596 4484 907 4581 aestimandas
926 4485 1234 4602 contulerint,
1268 4493 1430 4579 omnia
1450 4513 1616 4584 tamen
1627 4492 1722 4586 huc
1741 4501 2010 4618 spectantia
2028 4531 2160 4591 non-

379 4643 543 4737 'dum
531 4664 598 4730 tta
628 4639 680 4725 in
705 4629 940 4755 liquidum
969 4626 1203 4757 perducta
1230 4653 1358 4747 sunt,
1405 4657 1459 4724 ut
1481 4637 1541 4725 iis
1570 4658 1795 4761 tanquam
1817 4637 1954 4733 firmo
1979 4642 2162 4735 lunda-

373 4800 548 4883 [men-to
579 4777 831 4872 aedilicium
864 4782 1127 4900 systematis
1160 4781 1422 4901 superstrui
1449 4786 1622 4904 possit3
1676 4789 1976 4877 econtrario
2010 4787 2164 4914 plura

389 4934 537 5035 dubia
555 4925 712 5021 adhuc
734 4943 930 5037 restant,
964 4943 1009 5014 et
1025 4923 1129 5015 sine
1154 4917 1305 5017 dubio
1330 4927 1588 5019 etiamnum
1604 4922 1689 5021 diu
1707 4929 1975 5062 restabunt3
2007 4968 2160 5059 qyare
