4525 5842
642 374 693 450 50
801 364 974 438 sEcTIO
994 360 1166 436 PRIMA?
1219 359 1565 436 FU'RCELLARIA
1589 361 1628 436 dt
1653 364 1954 438 CHORDARIA.

728 568 918 639 Tubercula
940 570 1115 663 spongiosu
1131 567 1274 656 oblonga
1289 569 1385 637 lateri
1397 569 1526 637 frondis
1543 570 1636 636 affixa
1651 567 1703 636 tel
1726 570 1953 661 amplectentia
1972 571 2045 659 (sed
2061 572 2177 662 quoad

726 676 934 797 superficiem
951 670 1154 767 epideimide
1170 670 1298 742 frondis
1317 701 1385 742 non
1406 675 1524 757 tecta),
1550 690 1621 766 qvae
1642 675 1765 740 semina
1786 674 1930 764 plurima
1954 675 2174 756 subrotunda,

596 784 601 865 j
650 794 654 799 ’
722 756 826 848 limbo
846 770 1014 873 pellucido
1033 782 1140 847 cincta
1155 779 1340 873 includunt
1365 778 1458 847 fibris
1476 770 1649 901 pellucidis
1665 778 1842 844 articulatis
1858 782 2076 845 excentriuis
2067 798 2176 845 mter-

725 887 858 951 ιιιίιιιίι.μ
892 886 1085 951 Secundum
1100 885 1242 968 figuram
1251 866 1304 950 Fi
1318 884 1394 950 dan.
1411 888 1533 950 semina
1548 887 1583 949 in
1599 885 1768 966 congeries
1789 908 1898 949 roseas
1922 880 2076 949 stellatim
2100 884 2176 950 dis-

725 992 849 1081 positas
864 1008 1034 1075 aggregata
1048 1007 1134 1057 sunt.
1176 989 1279 1059 Color
1293 989 1384 1057 lusco
1400 989 1573 1066 olivaceus,
1594 988 1701 1053 lucem
1719 1012 1830 1052 versus
1845 987 2039 1078 diaphanus
2081 989 2176 1055 Sub-

712 1094 843 1159 'stantia
868 1092 1094 1179 cermagna,
1128 1088 1188 1159 sub
1211 1092 1298 1158 lente
1319 1096 1405 1160 intus
1427 1100 1601 1184 punctam,
1631 1094 1798 1157 exsiccatae
1819 1115 1949 1157 cornea.
2002 1090 2173 1158 Perennis.

726 1201 851 1289 Hyeme
867 1217 901 1264 et
914 1223 991 1264 verc
1007 1196 1210 1264 venditatum
1227 1198 1291 1264 fert
1307 1198 1460 1264 [ructum.

640 1324 732 1393 0138.
767 1329 869 1392 inter
884 1326 970 1391 hanc
988 1341 1020 1389 et
1035 1322 1282 1390 antecedentem
1292 1325 1401 1415 quoad
1415 1325 1563 1389 habitum
1584 1341 1755 1419 externum
1778 1324 1917 1388 maxima
1941 1323 2076 1387 interest
2099 1322 2173 1387 affi-

601 1422 606 1429 ’
725 1434 829 1512 nitas3
860 1428 1028 1495 sructisera
1053 1428 1187 1519 quidem
1212 1428 1408 1519 exemplaria
1430 1427 1525 1495 facile
1548 1428 1805 1512 dignoscuntur,
1829 1425 1952 1493 sterilia
1974 1450 2072 1505 vcro,
2098 1450 2170 1516 qvae

595 1592 600 1601 .
679 1546 687 1559 ‘
725 1537 844 1629 sapius
860 1551 1054 1613 occurrunt,
1081 1551 1147 1599 tam
1161 1534 1272 1600 radice
1295 1553 1327 1599 et
1342 1533 1471 1615 colore,
1494 1556 1593 1624 qvam
1612 1532 1738 1615 angulis
1761 1548 1794 1597 ct
1813 1532 1978 1621 apicibus,
2004 1530 2170 1619 imprimis

724 1657 833 1704 autem
847 1656 1009 1704 structura
1023 1640 1191 1717 interiori,
1217 1663 1288 1728 qvae
1307 1640 1341 1703 in
1356 1638 1460 1702 Fure.
1479 1636 1625 1703 rotunda
1645 1637 1706 1700 sub
1729 1635 1816 1700 lente
1840 1652 1994 1727 punctata
2018 1652 2165 1724 apparet,

726 1742 870 1809 discerni
891 1759 1041 1832 possunt.
1101 1744 1261 1819 Fructus,
1299 1764 1397 1832 qvem
1418 1744 1609 1806 auctoritate
1644 1739 1714 1805 Cel.
1743 1739 1891 1804 Turueri
1921 1739 1997 1803 huic
2029 1739 2165 1804 attribui

723 1848 860 1937 speciei,
884 1868 1014 1934 semper
1029 1844 1110 1908 mihi
1125 1845 1277 1937 equidem
1296 1845 1357 1910 suit
1371 1844 1609 1935 aliqvantuluin
1629 1861 1818 1935 suspectus3
1845 1861 1891 1922 et,
1917 1867 1944 1907 ιι
1935 1842 2091 1909 habitus
2110 1868 2171 1908 ex-

621 1974 626 1983 ’
725 1967 836 2019 ternus
851 1973 919 2015 nou
939 1949 1101 2028 obstaret,
1127 1972 1167 2013 ex
1182 1950 1408 2016 observatione
1424 1949 1493 2015 Cel.
1511 1949 1687 2038 Agardl⁰
1648 1973 1706 2027 ut,
1730 1970 1829 2037 qvam
1849 1972 1918 2013 uon
1939 1970 2075 2043 possum
2100 1972 2169 2059 non

724 2055 930 2145 approbare,
955 2053 1148 2143 adsequens
1165 2075 1265 2139 genus
1283 2052 1398 2121 melius
1422 2053 1534 2122 forsan
1555 2071 1638 2119 esset
1652 2051 1836 2119 reserenda.

1224 2287 1557 2311 ἡ-----.-ι---------

887 2538 891 2549 ·
985 2513 1127 2605 xvii.
1205 2511 1773 2628 cnouuaumu

707 2712 794 2767 Frons
813 2726 893 2764 teret.
931 2708 1044 2765 Semina
1060 2709 1136 2763 nuda
1156 2710 1208 2763 toti
1226 2709 1318 2763 boadi
1336 2711 1485 2771 immersas
1504 2712 1674 2782 eandemque
1695 2725 1823 2784 tanquam
1840 2709 2044 2767 constituentia.

395 2869 594 2969 Tab.13,·
671 2878 703 2943 1.
754 2844 817 2933 'cu
840 2858 1063 2954 scorpioides
1072 2883 1087 2947 ‚⁰
1117 2861 1246 2933 fronde
1270 2874 1401 2956 terete,
1435 2888 1524 2959 vage
1545 2878 1583 2937 et
1602 2865 1807 2937 alternatim
1828 2889 1985 2954 ramosa,
2012 2870 2165 2939 semini·

591 2995 849 3089 bnsqvenudis
866 2999 905 3067 in
919 3006 995 3067 tota
1012 2994 1151 3067 fiendis
1173 2999 1374 3069 substantia
1391 3001 1599 3072 densissime
1623 3001 1882 3071 nidulantibus.

722 3139 812 3190 Fusus
829 3136 1007 3206 scorpioides
1024 3135 1061 3191 ΡΙ.
1082 3135 1108 3193 d.
1127 3138 1163 3193 Τ.
1186 3148 1259 3208 ι479.

589 3252 745 3331 Habitat
757 3257 797 3327 iu
808 3251 925 3323 fando
938 3255 1047 3323 maris
1058 3253 1109 3322 ad
1125 3276 1227 3323 oram
1244 3254 1382 3324 Fioniae
1392 3260 1709 3348 septentrionalem
1728 3271 1785 3331 sat
1797 3259 1963 3355 rtdgan's,
1983 3261 2161 3352 imprimis

588 3387 640 3457 ad
659 3386 759 3457 Ιὶιιιιι
778 3386 907 3476 praedi
920 3382 1203 3478 Hofmansgave.

638 3556 763 3622 DESC.
816 3554 971 3622 Radicem
994 3582 1063 3623 non
1084 3576 1172 3624 certe
1193 3562 1290 3642 novi,
1314 3585 1451 3651 parvam
1473 3582 1554 3653 puto
1578 3552 1743 3656 lapidibus
1767 3568 2007 3636 adnascemem.
2055 3572 2161 3637 Frons

722 3658 885 3741 solitaria,
916 3661 1043 3741 solida,
1079 3679 1182 3744 teres,
1206 3665 1318 3757 pedali
1338 3684 1370 3733 et
1392 3666 1477 3732 ultra
1497 3667 1720 3752 longitudine,
1745 3673 1816 3738 basi
1838 3691 2020 3754 attenuata,
2044 3698 2161 3764 pennae

720 3768 894 3856 passeriuae
908 3768 1071 3846 crassitie,
1092 3766 1231 3834 deinde
1226 3772 1346 3835 sensim
1363 3788 1505 3861 pennam
1519 3774 1691 3840 corvinam
1703 3778 1849 3842 crassitie
1871 3802 2028 3868 aeqvans‚
2052 3777 2093 3842 ad
2107 3775 2160 3841 al·

722 3869 894 3937 titudinem
907 3869 1037 3961 pollieis
1054 3896 1155 3962 supra
1170 3875 1264 3939 basin
1280 3875 1456 3955 indivisus,
1482 3876 1558 3941 dein
1574 3901 1684 3945 ramos
1706 3904 1805 3963 vagos
1827 3884 1995 3949 emittens
2018 3904 2162 3972 quorum

720 3964 825 4040 infimi
846 3975 959 4041 eadem
988 3975 1056 4040 sere
1081 3995 1157 4042 sunt
1174 3975 1397 4063 longitudine,
1429 4004 1492 4070 qva
1510 4004 1618 4047 ramus
1640 3985 1834 4074 primarius,
1860 3988 1958 4050 ceteri
1978 3985 2159 4051 breviores.

720 4077 813 4143 Remi
836 4097 969 4161 teretes,
994 4080 1244 4148 horizontaliter
1261 4082 1390 4173 patuli,
1416 4107 1504 4149 nuno
1528 4089 1946 4169 cutta1i‚uunereflexi,
1970 4087 2029 4152 sed
2053 4092 2159 4156 rarius

721 4181 887 4270 adpressi,
909 4183 1103 4274 plerumque
1125 4183 1260 4264 alterni,
1286 4185 1461 4252 sedetiam
1482 4178 1634 4272 secundi,
1657 4191 1793 4284 aliisque
1813 4194 2013 4273 minoribus,
2040 4195 2162 4261 iterum

720 4284 818 4351 simili
834 4289 960 4352 ratione
976 4286 1105 4365 divisis,
1123 4288 1269 4366 obsessi,
1295 4292 1422 4379 apicem
1440 4316 1551 4359 versus
1576 4298 1749 4378 attenuati,
1775 4300 1867 4389 apice
1889 4299 2027 4378 obtuso,
2052 4302 2161 4365 inter-

718 4389 797 4455 dum
820 4391 929 4457 medio
953 4392 1119 4482 depresso.
1174 4393 1315 4457 Fructus
1336 4393 1466 4459 Semina
1487 4397 1593 4478 nuda,
1624 4402 1759 4485 exigua,
1792 4420 1907 4481 ovata,
1940 4403 2156 4484 flavescentia,

626 4490 631 4495 ’
717 4490 820 4561 linibb
800 4494 1011 4586 opellueido
1033 4499 1158 4572 cincta,
1184 4495 1254 4563 telas
1280 4496 1444 4565 oellulosae
1464 4500 1592 4571 luendis
1610 4506 1768 4603 ubique
1757 4525 1878 4574 mnata.
1926 4508 2035 4573 Semel
2059 4511 2160 4575 etiam

719 4599 883 4689 exemplar
899 4600 978 4684 legi,
1003 4625 1056 4667 cu1
1047 4599 1256 4665 insidebant
1270 4601 1458 4668 Tubercula
1482 4592 1747 4693 scutellilormia,
1770 4614 1836 4702 pisi
1857 4613 1925 4678 sere
1950 4613 2159 4695 magnitudi-

717 4725 778 4782 ne,
801 4703 861 4770 sed
872 4706 1052 4773 substantia
1066 4728 1183 4772 eorum
1197 4706 1327 4772 iuterna
1352 4725 1423 4775 erat
1443 4709 1576 4795 eadem,
1601 4738 1637 4781 ac
1664 4717 1762 4782 totius
1786 4714 1925 4784 frondis.
1969 4714 2077 4782 Color
2101 4717 2160 4783 su-

583 4866 853 4931 “““.··“““·“·“

682 5042 686 5049 ,
714 4991 744 5068 ι)
787 4986 953 5076 uxum,
975 4984 1115 5063 etuas,
1137 4987 1233 5064 uasa
1257 4993 1844 5082 «e.·1.us.usctrsas0mn.ss09.
1862 4981 1942 5082 aa
2007 5066 2013 5075 ⁴
