4525 5842
570 372 750 447 suono
765 375 1000 462 secunus.
1052 374 1247 451 einen
1590 393 1640 474 35

239 583 324 652 nala
340 605 424 668 egre
438 584 628 672 conspicua,
652 597 764 660 ovata,
789 579 1006 671 cylindraeea,
1023 581 1306 667 longitudinaliter
1321 609 1444 676 sparsa.
1487 587 1591 656 Color
1603 588 1690 656 albi·

240 689 325 768 dus,
348 689 493 753 siccitate
514 688 639 762 nitens,
664 686 798 768 micans.
853 686 1041 750 Substantia
1061 705 1192 767 tenera,
1218 690 1360 756 siccitate
1382 690 1524 776 fragilis,
1548 694 1689 758 subcru-

239 810 360 857 stacca.
407 791 538 855 Annua.
581 791 728 855 Aestate.
776 788 904 855 Chartae
924 789 1079 856 adhaeret.

374 986 409 1019 **
457 1001 611 1045 romosoe.

188 1141 226 1219 6.
275 1137 319 1208 Β.
342 1134 572 1220 ottovirens5
596 1133 666 1204 filis
690 1137 885 1225 continuis,
910 1141 1078 1229 ramosis,
1103 1113 1245 1233 rigidis3
1270 1144 1379 1210 ramis
1403 1143 1520 1234 vagis,
1547 1144 1683 1214 divari-
1709 1142 1801 1216 Tab.
1822 1152 1883 1229 250·

94 1259 202 1343 'catis
212 1298 224 1365 3
248 1272 404 1364 granulis
418 1255 634 1361 spbiericis,
646 1272 685 1338 in
701 1272 820 1362 qratia
835 1255 1172 1346 serie'tran'sversali
1193 1274 1373 1344 subternis
1399 1275 1587 1367 dispositis.

246 1401 394 1521 conscegpp
410 1405 579 1534 &inpugna
598 1396 690 1517 [diligt
709 1397 782 1517 dall
801 1399 1013 1534 25.nst71ptrod.
1031 1420 1059 1472 p.
1078 1403 1123 1457 60.
1143 1401 1212 1457 Tab.
1225 1391 1270 1456 Ἰ).
1287 1402 1411 1456 -Wsu
1423 1404 1542 1458 etlslobr
1557 1406 1685 1468 Grossbr.

242 1570 411 1642 δςγιοηεηω
429 1576 596 1619 arrootrens
613 1569 660 1637 Ag.
682 1565 762 1637 Disp.
784 1485 820 1638 ‘pi’
833 1484 930 1635 39.9et
945 1568 1007 1640 Syn.
1027 1588 1054 1640 p.
1077 1584 1133 1636 ¹¹5·

249 1672 448 1723 Corniculana
463 1670 618 1740 pubescens
643 1667 824 1737 Achae-Syn.
846 1670 922 1724 Licb.
942 1687 970 1741 p.
988 1683 1048 1735 302.
1133 1688 1138 1694 ·

104 1778 266 1848 Habitat
283 1779 329 1846 ad
340 1799 426 1844 saxa
441 1775 657 1865 campestria
669 1785 706 1842 et
716 1798 824 1865 rupes
839 1777 1043 1867 subalpinae
1059 1780 1197 1848 Faeroae
1213 1782 1355 1871 copiose
1364 1806 1376 1872 ;
1402 1735 1574 1852 etiamad
1595 1778 1680 1867 olli-1

104 1914 228 1981 cinam
243 1908 432 1980 ferrariam
457 1908 541 1977 Naes
555 1907 756 1999 Norvegiae.

156 2072 283 2167 DESC.
327 2072 432 2139 Radix
445 2072 671 2137 minutissima.
717 2070 846 2161 Caespes
863 2073 1043 2155 intricatus,
1066 2074 1151 2141 duos
1165 2072 1218 2141 vel
1232 2091 1297 2140 tres
1314 2072 1451 2164 pollices
1467 2073 1594 2159 longus,
1622 2074 1687 2140 de-‘

243 2179 409 2244 cumbens.
457 2175 529 2240 Fila
546 2176 714 2265 caespitose
730 2191 917 2258 aggregata,
941 2176 984 2242 ad
997 2179 1091 2244 basin
1105 2195 1230 2256 erecta,
1254 2194 1356 2243 setam
1369 2167 1541 2268 porcinam
1565 2204 1683 2260 crassa,

243 2280 362 2347 deinde
376 2280 624 2358 decumbentis,
650 2279 817 2358 tenuiora,
842 2277 965 2361 rigida,
988 2281 1145 2371 pollicem
1160 2284 1292 2347 circiter
1310 2280 1425 2364 longa,
1452 2284 1681 2362 ramosissima,

238 2386 402 2465 intricata,
446 2385 539 2450 Remi
553 2398 711 2472 patentes,
735 2380 930 2470 plerumqve
945 2383 1108 2473 probiori,
1132 2387 1258 2474 apicem
1271 2410 1383 2450 versus
1402 2387 1575 2463 tenuiores,
1591 2385 1684 2450 aliis·

242 2513 307 2579 qve
319 2489 506 2556 minoribus
524 2505 555 2551 et
566 2486 772 2551 brevioribus
788 2485 931 2568 obsessi3
954 2486 1073 2552 ramuli
1092 2486 1246 2577 proliseri
1269 2489 1468 2563 tenuissimi,
1493 2489 1604 2569 densi,
1629 2514 1686 2553 se·

248 2591 362 2655 cundi.
410 2588 558 2655 Grannla
570 2592 691 2656 interna
708 2589 883 2679 sphaerica,
908 2590 945 2653 in
962 2592 1073 2679 qvavis
1096 2592 1179 2654 serie
1202 2591 1280 2652 bina
1301 2587 1354 2655 vel
1378 2606 1487 2668 terna,
1510 2590 1684 2657 intervallo

249 2696 338 2758 inter
349 2691 492 2776 singulas
505 2693 600 2756 series
611 2693 812 2760 brevissimo.
861 2690 962 2758 Color
984 2694 1122 2783 caespitis
1144 2696 1254 2777 niger,
1276 2690 1409 2757 filorum
1430 2693 1490 2755 sub
1517 2693 1604 2758 lente
1627 2694 1685 2757 fu-

248 2795 498 2864 sco-olivaceus.
543 2794 727 2862 Substantia
742 2794 866 2880 rigida,
891 2813 996 2863 tenax.
1043 2798 1172 2863 Charta
1187 2811 1256 2865 non
1273 2796 1432 2876 adheret,
1456 2819 1516 2860 nec
1541 2798 1686 2862 siccitate

244 2919 398 2967 mutatur.

159 3019 248 3087 OBS.
296 3020 393 3084 Amat
415 3016 486 3080 haec
507 3017 630 3106 species
653 3044 722 3086 non
748 3017 855 3086 solum
879 3016 981 3084 latera
1003 3020 1155 3109 rupium,
1180 3040 1251 3107 qvae
1276 3019 1367 3106 aqvis
1390 3013 1575 3081 rivulorum
1594 3022 1684 3100 juxta

241 3123 414 3188 fluentium
428 3121 625 3200 irrorantur,
647 3123 705 3187 sed
721 3146 850 3213 qvoqve
866 3146 941 3186 saxa
955 3120 1136 3185 aridissima
1152 3118 1323 3208 subalpina
1338 3121 1473 3194 Faeroae,
1496 3143 1566 3206 qvae
1581 3121 1686 3187 modo

247 3226 363 3316 pluvit
380 3223 543 3290 interdurn
555 3226 750 3310 irrigantur3
775 3226 832 3291 sed
846 3224 1027 3291 notandum
1043 3242 1101 3303 est,
1126 3220 1247 3288 insulas
1261 3221 1460 3297 Faeroenses,
1485 3229 1560 3282 aere
1575 3222 1684 3285 nebu·
1751 3251 1757 3264 ·

246 3329 318 3396 loso
332 3346 363 3394 et
383 3329 560 3419 vaporibus
585 3354 602 3393 e
623 3331 706 3393 mari
729 3329 847 3395 crebro
872 3329 1077 3413 surgentibus
1099 3327 1274 3417 saepissime
1296 3348 1365 3389 esse
1388 3320 1618 3404 circumliisas3
1643 3348 1683 3389 ex

242 3432 308 3499 illis
323 3435 420 3518 igitur
433 3433 505 3498 haec
519 3430 650 3522 planta,
676 3455 773 3522 qvam
788 3431 940 3498 nonnulli
956 3434 1041 3500 inter
1055 3432 1219 3496 Llcizenea
1235 3445 1382 3519 ponunt,
1409 3426 1599 3492 alimentum
1619 3428 1683 3492 sibi

240 3539 463 3604 necessarium
476 3537 609 3601 haurire
624 3538 834 3602 existimatur.
1184 3557 1188 3566 ·

189 3749 227 3821 7.
274 3739 320 3810 Β.
335 3735 544 3805 marnillosa
552 3760 567 3823 ,·
591 3736 658 3805 filis
675 3737 1046 3824 continuis,ra1nosis;
1062 3736 1170 3803 ramis
1186 3730 1345 3820 alternis,
1361 3729 1543 3816 flexuosis,
1556 3729 1677 3797 utrin-
1704 3730 1796 3805 Tab.
1815 3742 1878 3816 25.

96 3899 175 3971 qve
194 3875 396 3959 attenuatis,
420 3872 584 3941 mamillis
602 3870 818 3942 abbreviatis
834 3865 1004 3964 obsessis,
1024 3865 1182 3959 granulis
1194 3868 1233 3934 in
1251 3866 1370 3957 qvavis
1385 3864 1477 3932 serie
1492 3870 1679 3950 transver-¹

93 4009 174 4080 sali
192 4006 372 4076 subternis
397 4008 587 4097 dispositis.

153 4142 320 4234 Habitat
336 4140 383 4234 ad
397 4163 482 4210 saxa
496 4141 594 4213 fluvii
610 4163 753 4232 semper
764 4143 911 4232 irrigata
928 4138 973 4208 ad
987 4131 1169 4205 officinam
1181 4131 1369 4202 ferrariam
1383 4130 1678 4219 NaesNorvegiae.

139 4241 291 4336 DESCi
328 4266 400 4332 Fila
419 4270 603 4358 eaespitosa,
631 4285 814 4354 aggregata,
842 4265 960 4332 muscis
979 4266 1142 4342 immixta,
1168 4279 1274 4328 erecta
1297 4258 1348 4352 vel
1368 4260 1403 4325 in
1426 4260 1508 4324 saxis
1532 4254 1680 4350 abruptis

243 4370 407 4463 pendula,
433 4391 498 4437 tres
512 4389 691 4462 quatuorve
707 4370 808 4436 lineas
830 4368 944 4455 longa,
971 4387 1071 4437 setam
1092 4369 1265 4460 porcinam
1291 4364 1359 4430 sere
1382 4384 1508 4437 crassa,
1530 4377 1679 4435 ramosa3

240 4478 330 4542 rami
343 4477 411 4541 basi
425 4494 591 4566 patentes,
617 4477 771 4554 flexuosi,
796 4473 939 4541 ramulos
953 4475 1163 4540 brevissimos
1186 4467 1460 4535 mamillaeformes
1486 4459 1527 4524 ad
1549 4474 1679 4526 utram-

240 4603 308 4671 qve
332 4578 420 4647 latus
439 4581 639 4662 emittentes,
663 4583 821 4670 utrinqve
840 4575 1207 4669 pardulumattennati,
1232 4570 1367 4656 aliisqve
1391 4564 1574 4642 minoribus
1599 4564 1683 4629 sini-

239 4682 386 4774 plicibus
401 4667 543 4752 curvatis
558 4686 698 4764 obsessi,
722 4687 811 4768 intus
832 4685 953 4772 ubiqve
974 4675 1115 4763 penulis
1138 4670 1394 4770 transversaliter
1416 4668 1597 4759 dispositis,
1622 4690 1682 4752 ge-

240 4787 351 4853 nicula
377 4790 626 4862 mentientibus,
658 4787 777 4866 nota1i3
808 4784 942 4870 granula
962 4783 996 4846 in
1020 4781 1134 4871 qvavis
1151 4780 1233 4856 serie
1257 4776 1334 4840 bina
1356 4772 1409 4841 rel
1429 4790 1531 4840 terna.
1578 4768 1684 4835 Color

236 4892 447 4972 sauvis-ilis,
480 4895 540 4960 sub
560 4894 647 4961 lente
669 4890 841 4959 olivaceus.
894 4886 1081 4953 Substantia
1107 4902 1237 4966 tenere,
1265 4877 1386 4952 mollis.
1432 4880 1564 4952 Annua·
1608 4872 1678 4936 ΛΕ·

233 5014 334 5064 state.
383 4997 512 5066 Chartae
525 4996 598 5064 laxe
614 4997 769 5066 adheret.
