4525 5842
883 386 1168 465 ‚pumentia
1751 356 1756 359 ’
1799 414 1869 476 ,11

126 595 211 683 Ex
231 589 333 684 hoc
357 593 528 684 itinere
547 588 985 691 Hafnianueuerao
1012 594 1234 721 contigit,
1268 614 1323 684 ut
1339 597 1442 685 Rex
1462 610 1629 687 noster
1650 595 1916 693 clementia·

122 742 259 830 aime
277 736 594 863 permitteret,
623 759 679 828 ut
702 761 945 831 tentameu
963 736 1083 828 illud
1105 735 1451 867 algologicum,
1488 739 1617 863 quod
1638 765 1779 836 antea
1798 775 1915 835 con·

125 887 466 996 tinnoveram,
496 912 706 975 unacum
724 882 1128 977 delineationibus
1147 885 1300 1011 Regio
1319 907 1478 975 sumtu
1494 886 1680 1009 publici
1698 891 1812 1008 juris
1831 887 1915 981 fie.
2039 936 2042 940 ·

134 1052 237 1142 ret3
271 1059 411 1153 quam
429 1031 578 1139 etiam
602 1058 837 1119 summam
867 1027 929 1121 ob
953 1032 1155 1156 gratiam
1183 1026 1302 1118 illud
1326 1027 1616 1155 'opusculum
1640 1036 1779 1127 nouis
1805 1065 1915 1157 spe«.-

137 1176 304 1267 ciebus
335 1175 506 1265 teriori
535 1196 751 1297 tempore
779 1176 983 1267 inuentis
1012 1171 1330 1297 locupletavi,
1384 1172 1525 1266 etad
1549 1207 1700 1299 opera
1726 1175 1911 1305 algolo·

133 1324 245 1447 gica
274 1320 683 1445 praestantissima,
740 1322 840 1443 quae
869 1317 1040 1411 sedula
1074 1322 1258 1410 interea
1286 1323 1473 1443 uersati
1497 1352 1663 1436 manu,
1712 1320 1913 1451 diligen·

135 1488 211 1557 ter
238 1466 425 1557 correxi
462 1483 509 1553 et
537 1460 809 1577 emendavi,
857 1486 912 1554 ut
937 1460 1266 1554 munificentia
1292 1466 1467 1590 Regia,
1509 1487 1737 1589 quantum
1761 1499 1912 1591 penes

135 1606 357 1721 meluit,
396 1604 527 1697 haud
554 1604 805 1735 indignum
832 1610 883 1698 in
909 1604 1067 1697 lucem
1090 1604 1330 1730 proderet
1395 1610 1650 1724 Praeterea,
1690 1610 1822 1733 quod
1851 1607 1913 1701 ad

137 1753 273 1883 algas
300 1753 678 1844 Groenlandicat
709 1755 895 1865 attinet,
941 1749 1313 1844 clarissimorum
1337 1753 1565 1843 Virorum
1594 1758 1652 1846 0.
1681 1755 1911 1856 Fabricii,

1 1883 2 1886 i
143 1896 522 1994 Wormslioldii
546 1918 595 1988 et
617 1896 831 1988 Gieteltit‘
857 1894 1078 1989 consului
1098 1896 1342 2009 herbaria,
1371 1926 1439 2009 ex
1460 1898 1636 2021 'quibus
1655 1895 1912 1991 nonnullas

135 2042 277 2136 hausi
296 2047 514 2156 notitias,
550 2065 597 2134 et
613 2073 760 2132 unam
776 2038 1029 2132 alteramve
1051 2044 1265 2166 speciem
1292 2071 1470 2133 nouam
1490 2045 1731 2135 extricaui.
1798 2047 1912 2141 Haee

134 2212 213 2283 est
227 2188 366 2310 hujus
392 2185 615 2313 opusculi
633 2185 861 2300 historia,
890 2216 1050 2310 quam,
1090 2168 1246 2277 levem
1268 2184 1459 2309 quidem
1481 2219 1570 2312 per
1590 2216 1664 2301 se,
1706 2185 1837 2281 hunc
1861 2192 1914 2281 iu

128 2335 283 2428 finem
305 2332 385 2427 hic
409 2336 564 2462 tetigi,
614 2354 668 2423 ut
689 2336 846 2429 sciant
869 2334 1095 2424 Lectores
1123 2328 1368 2444 benevoli,
1411 2363 1505 2456 quo
1531 2329 1712 2423 factum
1736 2335 1818 2446 sit,
1859 2354 1915 2424 ut

129 2485 271 2608 algas
292 2484 584 2584 Faetoenses,
629 2477 1018 2569 Groentandtcas
1045 2495 1092 2567 et
1115 2473 1374 2566 nonnullas
1402 2478 1709 2601 Nowegicas
1745 2475 1914 2569 attule-

133 2631 255 2736 rim3
288 2623 418 2716 unde
444 2619 581 2713 simul
596 2645 750 2747 patet,
790 2619 918 2746 quod
935 2624 1015 2712 uix
1044 2618 1309 2743 quisquam,
1347 2621 1427 2741 qui
1453 2621 1506 2706 in
1526 2621 1620 2711 hac
1638 2638 1800 2742 sparta
1823 2625 1913 2713 rite

135 2770 361 2868 ornanda
390 2766 682 2892 aliquantum
703 2789 915 2860 uersatus
943 2788 1031 2879 eat,
1070 2760 1215 2854 facile
1240 2760 1414 2852 infitias
1440 2762 1548 2879 ibit,
1583 2760 1715 2854 haud
1740 2744 1915 2890 parum

135 2919 369 3045 temporis
397 2912 585 3004 adhaec
610 2916 867 3004 conamina
890 2904 1195 3002 conficienda
1219 2911 1347 3035 exigi
1370 2930 1509 3030 atqve
1531 2908 1795 3034 postulari3
1830 2924 1913 3007 nee

135 3098 232 3191 que
251 3066 378 3154 enim
392 3089 493 3149 uua
512 3057 719 3151 alterave
744 3057 867 3147 hora
883 3053 1079 3145 diuersae
1102 3051 1175 3142 hae
1194 3049 1392 3174 plantae,
1427 3058 1626 3144 diuersis
1649 3052 1913 3177 iisdemque

1 3409 2 3436 t
132 3374 334 3466 nentur,
382 3346 705 3464 delineantur,
738 3345 1105 3455 describuntur,
1145 3342 1198 3431 in
1224 3337 1769 3469 ordinemtediguutur3
1812 3375 1912 3465 quae

136 3501 327 3602 omnia,
363 3495 479 3587 licet
503 3525 612 3585 cum
634 3491 853 3618 periculo
882 3494 989 3581 uitae
1011 3485 1201 3577 homini
1230 3489 1346 3575 satis
1375 3508 1517 3577 cauto
1545 3518 1647 3577 non
1673 3489 1782 3577 sint.
1797 3474 1914 3578 con-

1 3737 2 3742 ,
135 3649 304 3769 juncta
339 3637 489 3765 (quod
511 3637 612 3731 Cel.
632 3639 701 3729 .0.
729 3642 777 3728 F.
796 3636 1031 3725 Mulier-us
1053 3635 1107 3720 in
1127 3628 1412 3757 praefatione
1444 3629 1592 3723 Florae
1618 3628 1915 3727 Frederichs-

1 3809 2 3884 ἰ
80 3804 85 3811 ’
132 3790 314 3882 dalinae
343 3788 586 3913 premissa
609 3781 863 3907 perhibere
884 3774 1125 3914 uidetur),
1150 3773 1445 3899 frequentem
1471 3796 1631 3865 tamen
1660 3778 1916 3904 investigo-

1 3949 2 3988 *
134 3942 325 4029 tionem
363 3934 415 4020 in
450 3952 587 4023 vasto
603 3948 607 3955 '
623 3951 804 4018 naturae
832 3919 1014 4046 templo
1049 3943 1164 4010 tam·v
1181 3920 1243 4009 ad
1262 3919 1426 4014 littora
1451 3924 1655 4011 marium
1688 3953 1830 4048 quam
1852 3924 1916 4015 ad

133 4083 437 4179 summitates
467 4072 664 4199 rupium
683 4075 971 4181 institutam,
1008 4061 1226 4187 pedibus‘
1249 4097 1375 4189 saepe
1400 4062 1702 4192 fatigantem,
1742 4088 1790 4157 et
1804 4096 1916 4165 exa,-

129 4227 458 4320 minationem
489 4224 669 4309 iterum·
694 4219 956 4333 iterumque
985 4212 1074 4303 tub
1106 4207 1236 4302 lente
1271 4209 1404 4301 domi
1423 4214 1708 4338 'repetitam
1762 4211 1914 4306 0c11lis

136 4367 292 4463 haud.
308 4398 418 4456 raro
449 4364 721 4476 molestam,
770 4361 1028 4484 saepissime
1062 4360 1319 4480 requirunt
1394 4360 1556 4477 Quare
1587 4351 1721 4445 haud
1743 4389 1916 4480 patum

137 4508 373 4638 tempotia
405 4509 467 4599 ad
496 4504 772 4629 hujusmodi
798 4502 1294 4625 molimina-exigitur,
1338 4499 1478 4625 qvid?
1524 4498 1655 4624 quod
1683 4500 1844 4593 oleum
1869 4526 1917 4599 et

133 4689 296 4787 opera
323 4651 564 4746 interdum
584 4651 801 4778 potuitne
827 4678 915 4775 per
937 4645 1201 4738 fruataueaa
1230 4646 1586 4775 indagationes,
1625 4642 1749 4736 dum'
1764 4648 1918 4743 inre-
2007 4722 2015 4733 ,

136 4807 236 4898 'bus
260 4827 363 4907 tam
401 4800 668 4912 tenuibus,¹
700 4822 799 4921 quae
825 4824 930 4884 non
962 4793 1055 4881 nisi
1090 4821 1184 4913 ope
1209 4796 1563 4919 microscopiea
1591 4795 1681 4883 rite
1710 4795 1916 4887 diecmu

124 4964 371 5080 possunt,
404 4945 547 5037 nubit
569 4975 660 5071 pro
679 4945 871 5038 Jnnone
896 4959 1114 5064 captatur
1136 4936 1269 5028 haud
1295 4966 1417 5039 raro.
1492 4938 1705 5058 Quaestio
1733 4943 1917 5062 propo-

671 5096 679 5105 *
1436 5100 1520 5187 (θ’)
