4525 5842
382 394 497 452 nm
1083 366 1361 443 Pttfflttos

333 580 466 672 mina
492 571 802 686 demirentur,
846 593 893 663 et
917 566 976 662 de
1006 600 1170 662 esrum
1201 603 1293 661 usu
1319 568 1571 698 diligenter
1587 591 1955 694 percunctantes
1977 575 2114 693 'saepe

333 721 480 844 idque
492 720 543 808 in
560 718 772 809 taedium:
805 718 897 809 Cui
913 717 1075 805 bono?
1107 738 1333 840 quaerant3
1369 747 1513 839 qnare
1529 713 1782 808 utilitatem
1798 716 1939 837 hujus
1956 718 2115 807 scienss
2254 734 2255 737 ‘

335 873 411 959 tiae
434 888 481 959 et
504 868 711 987 pretinm
738 860 834 952 levi
854 864 1173 988 perstringere
1203 861 1387 953 calamo
1413 891 1442 950 a
1470 892 1520 952 re
1542 874 1652 951 non
1670 861 1879 954 alienum
1909 859 2115 955 videtur.

334 1008 417 1105 Nil
434 1030 594 1099 autern
618 1005 681 1099 cle
694 1009 853 1132 pretio
874 1008 974 1127 ejus
994 1005 1215 1099 absoluto
1233 1008 1411 1116 dieam3
1444 1037 1584 1096 suum
1603 1011 1732 1098 enim
1747 1038 1979 1132 quamque
1999 1005 2116 1096 doc·

337 1159 512 1247 trinum
542 1154 594 1240 in
618 1183 670 1242 se
694 1151 874 1243 babere
905 1137 1132 1277 pretinm
1148 1149 1400 1276 (siquidem
1427 1153 1641 1277 cognitio
1669 1157 1720 1241 in
1743 1156 2019 1244 universnm
2047 1171 2118 1242 est

336 1300 522 1392 bonum
549 1298 687 1420 qvid,
722 1294 1011 1421 homineque
1029 1300 1216 1388 ratione
1242 1293 1444 1422 praedito
1473 1292 1774 1425 dignissima,
1811 1308 1910 1422 qvae
1941 1324 2119 1420 quaera-

338 1454 455 1560 tur),
485 1438 691 1567 ideoqve
710 1444 941 1567 imprimis
963 1438 1217 1534 colendam
1234 1475 1356 1560 esse,
1391 1477 1479 1569 per
1503 1477 1554 1535 se
1574 1465 1729 1566 patet;
1768 1441 1853 1535 sed
1877 1441 1937 1535 de
1957 1445 2117 1568 pretio

338 1590 440 1710 ejus
461 1584 686 1700 relativo,
719 1608 948 1706 quatenus
964 1584 1037 1675 hae
1052 1585 1227 1711 plantae
1246 1612 1329 1678 aut
1351 1593 1402 1677 in
1421 1593 1711 1683 oeconomia
1734 1611 1914 1679 naturae
1941 1582 2117 1687 saluta·

339 1766 414 1825 res
431 1731 542 1823 suas
555 1753 783 1824 exserunt
797 1734 945 1844 vires,
960 1753 1051 1821 aut
1072 1735 1124 1820 in
1149 1765 1290 1824 usum
1313 1730 1578 1824 htunanum
1601 1766 1709 1827 suas
1735 1734 1919 1826 habent
1938 1730 2117 1822 utilita-

341 1901 432 1991 tes,
484 1876 678 1970 breuem
711 1879 1006 1966 mentionem
1035 1878 1232 1995 injicere
1267 1901 1315 1970 et
1338 1884 1662 1971 necessarium
1700 1903 1747 1970 et
1768 1881 1885 1972 utile
1911 1879 2113 1974 videtum

343 2025 547 2116 Constat
563 2026 707 2148 igitur
728 2018 786 2110 de
801 2021 942 2110 rebus
968 2023 1226 2148 incognitis
1250 2054 1341 2114 nos
1365 2021 1549 2114 nullam
1571 2047 1750 2117 certam
1772 2027 1915 2117 nobis
1939 2027 2117 2153 fingere

341 2198 488 2296 posse
505 2170 777 2276 notionem,
802 2195 902 2256 nec
921 2196 980 2254 ex
996 2168 1055 2256 iis
1069 2164 1217 2256 ullam
1241 2168 1384 2261 nobis
1412 2196 1585 2296 capere
1608 2202 1753 2294 posse
1774 2173 2050 2283 utilitatem3
2075 2175 2117 2262 si

343 2316 488 2440 igitur
502 2341 575 2401 res
602 2314 657 2399 in·
677 2330 848 2398 natura
874 2310 1040 2401 obvias
1065 2310 1329 2435 intelligere
1355 2317 1638 2436 easdemque
1660 2319 1711 2404 in
1736 2340 1956 2409 nostrum
1978 2350 2127 2430 usum,

346 2476 623 2550 convertere
658 2456 897 2576 cupimus,
946 2484 1143 2548 necesse
1169 2478 1259 2569 est,
1305 2481 1359 2548 ut
1386 2458 1554 2551 adeas
1584 2462 1948 2588 cognoscendas
1976 2485 2023 2553 et
2049 2462 2119 2553 di·

344 2598 632 2706 scernendas
660 2602 871 2689 animum
899 2595 1219 2714 advertamus3
1260 2606 1330 2693 sic
1363 2606 1507 2694 etiam
1540 2637 1598 2696 ex
1623 2611 1901 2734 cognitione
1928 2608 2117 2732 Hydro-

345 2745 605 2877 phytorum
619 2773 750 2833 mere
764 2742 994 2833 botanica
1010 2742 1226 2869 pendent
1247 2778 1414 2837 eorum
1431 2746 1659 2841 utilitates
1680 2750 2020 2879 intelligendae3
2053 2775 2121 2845 at·

349 2923 437 3015 qve
463 2884 697 2977 industrii
718 2888 1059 2977 Botanicorum
1092 2887 1397 3013 aliorumque
1423 2893 1787 2986 observatorum
1815 2895 1997 2988 factum
2035 2923 2119 3012 est,

347 3058 401 3126 ut
418 3029 661 3122 nonnullae
680 3059 844 3121 earum
870 3028 1129 3123 utilitatum
1154 3031 1287 3124 baud
1311 3035 1514 3160 amplius
1539 3037 1738 3152 lateant3
1769 3039 1929 3166 plures
1956 3043 2123 3136 forsan

347 3199 542 3307 postera
567 3172 671 3267 dies
697 3171 915 3286 docebit3
960 3208 1159 3299 quarum
1196 3211 1295 3302 qvae
1326 3186 1529 3309 coguitae
1562 3207 1698 3297 sunt,¹
1739 3186 1996 3283 nonnullas
2022 3192 2123 3314 jam

348 3325 519 3451 paucis
538 3316 758 3441 eloqver:

481 3470 537 3557 In
576 3465 867 3554 oeconomia
896 3484 1075 3554 naturae
1104 3462 1239 3557 hand
1262 3476 1399 3591 parvi
1424 3496 1536 3564 sunt
1557 3481 1813 3592 momenti;
1859 3483 2121 3579 innumeris

352 3613 479 3703 enim
492 3609 700 3732 piscium
721 3609 1128 3732 insectorumqve,
1166 3643 1310 3738 aqvas
1340 3612 1487 3706 salsas
1512 3653 1641 3742 aeque
1661 3652 1718 3715 ac
1745 3623 1907 3720 dulces
1932 3631 2122 3723 inhabi-

351 3756 579 3864 tantium,
610 3749 895 3844 cohortibus
917 3750 1215 3846 domicilium
1240 3761 1455 3882 praebent
1483 3785 1530 3854 et
1551 3787 1896 3893 tegumentum,
1937 3777 2022 3867 ubi
2049 3813 2123 3872 se·

354 3897 681 3993 curamvitan
690 3892 865 4023 degant
885 3920 934 3987 et
952 3897 1094 3991 ovulu
1108 3932 1197 3992 sua
1212 3903 1512 3997 excludenda
1529 3903 1799 4035 deponant,
1831 3940 1969 4044 atqve
1996 3923 2125 4016 refu-

350 4047 484 4171 gium
504 4037 682 4131 iisdem
701 4062 946 4164 prestant,
990 4076 1083 4165 qvo
1106 4078 1159 4138 se
1183 4071 1351 4141 contra
1376 4052 1588 4143 hostium
1612 4056 1817 4152 insidias·
1835 4095 1980 4190 ocyus
2006 4101 2126 4161 con-

350 4206 550 4279 vertant.
620 4187 700 4275 Be
719 4187 850 4274 Fuco.
872 4210 1081 4280 natante
1109 4191 1391 4317 (Sargasso,
1421 4219 1476 4287 ut
1500 4202 1552 4286 in
1575 4207 1763 4327 mappis
1786 4200 2122 4338 geographicis

256 4365 259 4369 *
353 4328 724 4447 antiquioribus,
766 4362 868 4453 qvae.
890 4334 1026 4423 Mare
1049 4332 1343 4427 Atlanticum
1366 4344 1561 4457 sistunt,
1601 4342 1791 4467 dicitur)
1828 4387 1926 4476 qvo
1956 4355 2122 4453 forsan

353 4471 486 4573 nulla
500 4468 671 4597 planta
686 4478 737 4565 in
751 4496 858 4566 toto
872 4498 1103 4568 terrarum
1121 4480 1238 4572 orbe
1256 4486 1525 4607 copiosior,
1557 4489 1660 4583 haec
1673 4498 1937 4591 secundum
1949 4507 2125 4597 itinera

359 4616 585 4711 Osbecltii
599 4638 646 4710 et
655 4619 844 4711 Kalmii
861 4618 1312 4743 siff-erchanraum)
1350 4627 1641 4728 ‘'Radicibus
1663 4671 1765 4731 non
1778 4641 1926 4739 haeret
1941 4644 2122 4744 dutinus·

356 4825 625 4846 m
679 4836 681 4840 ·

400 4943 438 5021 *t
472 4934 824 5008 summano.
839 4897 920 5031 spt
936 4949 995 5012 m
1035 4941 1099 5008 cr.
1120 4944 1218 5010 suam
1234 4947 1445 5016 osanne
1462 4952 1542 5019 rac.
1556 4979 1591 5047 p
1606 4964 1660 5034 94.
1754 4992 1757 4999 ,
