4525 5842
10 300 15 441 l

10 666 21 1105 l
646 1086 1381 1280 rnanrarro

838 1388 1181 1415 -·--·-

115 1555 301 1688 Pauca
325 1600 378 1685 in
399 1595 565 1687 limine
587 1598 765 1719 operis,
803 1622 857 1692 ut
882 1603 1028 1693 moris
1057 1624 1149 1714 est,
1183 1598 1499 1724 praefaturus„
1521 1603 1757 1728 originem
1781 1602 1904 1722 ejus.-

10 1794 12 1841 ‚
119 1738 239 1832 dem
268 1763 316 1833 et
338 1743 575 1830 rationem
600 1739 808 1836 breviter
832 1751 1089 1862 enarrabo,
1119 1743 1362 1864 -adjiciens
1388 1741 1530 1832 simul
1559 1777 1658 1866 qvae
1689 1740 1783 1835 alia
1804 1743 1903 1837 huc

10 1852 12 1901 ι
113 1891 393 2013 spectantia
414 1907 587 1976 notatu
609 1883 754 2014 digna
775 1887 1062 2017 viderentur.
1131 1889 1322 1982 Placuit
1347 1885 1534 2011 scilicet
1553 1886 1686 1977 almae
1700 1889 1903 1980 Univer-

10 2082 11 2097 ι
116 2036 254 2148 sitati
279 2033 439 2157 Regiae
465 2028 718 2125 Halniensi
745 2064 837 2156 pro
870 2063 997 2126 anno
1025 2039 1134 2146 1316
1163 2035 1472 2158 quaestionem
1500 2036 1780 2126 Botanicam
1804 2054 1903 2127 stu·

117 2174 275 2271 diosis
300 2180 399 2268 suis
422 2172 759 2299 explicandam
777 2207 1074 2303 proponere,
1108 2177 1184 2269 his
1211 2177 1369 2270 verbis
1397 2180 1741 2302 conscriptam:¹

258 2389 462 2479 Constat
486 2418 588 2476 non
613 2418 794 2511 paucas
819 2385 1045 2516 Algarum
1076 2391 1262 2514 species
1298 2419 1412 2479 cura
1445 2409 1491 2478 et
1516 2388 1676 2479 studio
1705 2366 1898 2509 Oederi

259 2533 318 2622 Ο.
339 2535 388 2620 F.
411 2531 631 2635 Mr‘illeri,
674 2535 726 2624 V
719 2529 866 2637 ablii,
899 2534 1156 2655 Hofmann
1174 2536 1358 2657 Bangii
1377 2531 1673 2653 aliorumqve
1692 2529 1744 2619 in'
1766 2530 1900 2649 aqvis

259 2672 478 2766 dulcibus
510 2698 647 2800 atqve
673 2678 869 2766 marinis
898 2677 1067 2764 Daniae
1094 2672 1343 2799 indagatas
1369 2706 1460 2765 nec
1486 2706 1588 2763 non
1620 2674 1897 2797 descriptas,

254 2818 341 2911 sed
363 2852 455 2911 nec
477 2820 536 2911 ab
561 2819 676 2936 illis,
706 2852 796 2912 nec
818 2819 877 2910 ab
899 2818 1003 2911 aliis
1029 2823 1329 2945 systematice
1350 2816 1606 2944 dispositas
1635 2849 1750 2910 esse.
1805 2820 1902 2907 Po·

256 2962 459 3056 stulatur
482 2968 627 3088 igitur
656 2963 908 3081 dispositio
938 2967 1240 3087 systematica
1273 2968 1488 3054 omnium
1519 2963 1730 3090 algarum
1757 2950 1900 3086 aqva-

256 3115 459 3201 ticarum
472 3113 643 3215 Daniae
664 3110 909 3232 hucusque
934 3107 1228 3199 detectarum
1251 3104 1655 3230 descriptionibus
1683 3130 1730 3199 et
1757 3139 1899 3231 syno-

113 3372 122 3397 .
258 3258 411 3379 nymis
442 3253 688 3346 illustrata.

87 3481 246 3600 ‘Qvae
273 3475 487 3601 quidem,
528 3502 582 3569 ut
606 3481 815 3604 primum
840 3475 959 3568 mihi
985 3480 1221 3590 innotuit,
1266 3477 1483 3590 animum
1499 3469 1643 3573 facile
1657 3473 1895 3584 incitavit,

117 3644 175 3715 ut
201 3627 324 3716 vires
353 3626 406 3710 iu
433 3623 525 3714 hac
546 3626 798 3716 Botanices
824 3654 968 3715 arena
996 3621 1345 3746 qualescunque
1376 3624 1629 3742 experirer.
1697 3619 1790 3708 Per
1815 3612 1897 3707 de÷

117 3772 351 3860 cennium
371 3767 560 3889 quidem
582 3792 629 3861 et
647 3766 776 3894 qvod
792 3770 999 3859 excurrit
1015 3765 1195 3907 adrem
1210 3762 1482 3854 herbariam
1498 3758 1780 3887 plantasque
1799 3783 1898 3851 tam
1998 3792 2006 3805 ·

114 3909 377 4040 indigenas
409 3946 549 4025 qvam
566 3918 784 4007 ‚exoticas
820 3907 1185 4038 cognoscendas
1212 3940 1322 3998 cum
1346 3910 1559 4011 animum
1583 3929 1724 3997 antea
1747 3936 1901 4028 appu-

114 4056 305 4170 lissem,
336 4079 388 4148 et
401 4056 590 4183 plantas
611 4080 941 4185 cryptogamas
964 4058 1015 4144 in
1032 4085 1204 4182 genere
1221 4055 1401 4178 pariter
1420 4074 1559 4175 atqve
1578 4047 1898 4174 Hydrop'byta

114 4205 172 4291 in
206 4204 370 4326 specie
395 4207 572 4300 sensim
598 4196 930 4327 inspexissem,
976 4232 1132 4325 operae
1158 4200 1377 4324 ⁸pretium
1405 4194 1556 4286 habui
1589 4194 1897 4315 quaestionem

116 4344 293 4440 saltem
316 4368 521 4459 tentare,
563 4345 863 4470 ejusdemque
893 4343 1075 4438 faciens
1102 4341 1371 4469 periculum
1407 4338 1720 4464 explicandae,
1762 4335 1895 4428 horis

119 4493 407 4605 subsecivis,
453 4514 682 4616 quatenus
712 4516 899 4616 ternpus
923 4522 1011 4617 per
1041 4487 1135 4578 alia
1164 4490 1362 4614 negotia
1391 4486 1654 4608 suppetiit,¹
1679 4484 1898 4575 minutis·¹
2021 4582 2024 4589 ,

122 4640 266 4727 simas
291 4635 379 4726 has
397 4637 606 4761 plantas,
638 4668 835 4761 qvarum
858 4639 1023 4761 potior
1039 4662 1149 4758 pars
1171 4629 1365 4722 oculum
1383 4662 1486 4720 non
1504 4650 1737 4719 armatum
1756 4624 1893 4753 fugin

127 4758 298 4903 partim
325 4778 389 4870 ad
412 4780 589 4874 lentem
613 4779 872 4894 delineare,
900 4767 1507 4905 partimdescriptionibus
1526 4772 1760 4871 illustrare
1773 4788 1897 4897 pau·

118 4918 257 5021 latin
271 4931 479 5052 suscepi.
535 4923 923 5047 Acciditauten,
956 4955 1066 5020 cum
1083 4920 1225 5016 inhis
1245 4952 1375 5016 erem
1394 4939 1679 5043 occupatus,
1709 4936 1763 5009 ut
1777 4943 1896 5041 unas

1437 5083 1501 5170 (Β)
