4525 5842
303 1782 576 1891 beneficiis
603 1781 717 1890 haec
747 1810 933 1887 cuncta
962 1781 1265 1935 debeantur.
1344 1778 1575 1887 Confido
1605 1781 1783 1927 igitur,
1842 1767 1946 1890 TE
1976 1780 2084 1888 hoc

192 2098 197 2107 ·
312 2024 637 2173 opusculum,
668 2064 815 2131 sacro
843 2004 1000 2128 TUO
1029 2027 1233 2130 nomini
1260 2023 1592 2133 devotissime
1621 2024 1934 2150 dedicatum,
1967 1975 2094 2172 pla-³

306 2272 439 2423 cidis
479 2270 714 2374 manibus
758 2296 1120 2412 accepturum
1188 2271 1516 2413 persequitur
1562 2293 1738 2373 autern
1774 2267 2082 2415 particulam

308 2518 386 2617 rei
414 2511 665 2616 herbariae
694 2507 943 2614 hactenus
971 2453 1142 2615 minus
1168 2509 1380 2633 cultam,
1436 2537 1490 2616 et
1516 2448 1917 2656 dispositionem
1953 2548 2084 2616 con·-

311 2754 441 2857 tinet
469 2755 845 2898 systematicam
875 2754 1110 2857 omnium
1139 2729 1632 2897 Hydroplrytorum‚
1675 2791 1790 2894 qvae
1812 2754 1884 2861 ‘ad
1912 2752 2086 2859 littora

307 2995 515 3139 imperii
557 2997 750 3098 Dunici
788 2994 855 3096 ad
893 2993 998 3098 hoc
1036 3034 1199 3139 usqve
1233 3020 1438 3137 tempus
1465 2993 1672 3098 detecta
1698 2992 1932 3141 fuerunt3
2001 2997 2085 3101 hae

306 3263 485 3355 autern
516 3236 728 3379 plantae,
798 3236 920 3338 licet
948 3234 1213 3340 nonnullae
1244 3274 1421 3339 earum
1448 3274 1620 3380 parvae
1657 3237 1762 3337 sint
1797 3276 1860 3339 ac
1888 3265 2084 3357 tenues,

310 3479 493 3581 formis
519 3507 720 3600 tamen,
752 3476 935 3619 qvibus
965 3474 1193 3620 gaudent
1219 3473 1606 3622 pulcherrimis,
1643 3479 1933 3599 coloribus,
1974 3479 2086 3621 qvi·

310 3714 410 3820 bus
441 3720 604 3823 nitent
626 3716 1082 3864 splendidissimis,
1141 3719 1403 3823 structuris
1446 3719 1681 3838 internis,
1738 3756 1848 3821 non
1877 3718 2088 3860 quidem

309 3963 410 4066 nisi
444 3998 547 4103 ope
577 3962 918 4106 microscopii
946 3964 1042 4065 rite
1063 3959 1456 4086 discernendis,
1524 3985 1575 4061 at
1617 3997 1724 4093 non
1762 3969 1882 4066 satis
1922 3958 2088 4063 admi-

310 4207 514 4326 ran'dis3
584 4230 640 4307 ut
667 4230 819 4304 usum
843 4239 1028 4304 eurum
1054 4205 1460 4307 oeconomicum
1494 4228 1719 4325 taceam,
1789 4239 1903 4307 sese
1946 4239 2090 4306 com-
2156 4172 2161 4181 ⁸

313 4446 585 4567 mendant3
655 4444 891 4552 videmus
923 4444 978 4546 in
1003 4441 1108 4568 his,
1177 4471 1413 4548 naturam
1452 4481 1559 4547 non
1588 4418 1759 4549 solum
1794 4447 1848 4549 in
1876 4446 2089 4586 magnis,

316 4690 410 4794 sed
447 4691 601 4794 etiam
631 4689 685 4790 in
713 4688 938 4831 minimis
970 4684 1247 4793 observatu
1278 4725 1390 4790 esse
1419 4682 1795 4830 dignissimam,
1865 4714 1917 4792 et
1954 4686 2091 4791 hanc

314 4968 559 5072 magnam
588 4956 762 5033 rerum
791 4953 1008 5032 matrem
1044 4932 1099 5031 in
1134 4927 1403 5070 profundo
1437 4931 1590 5034 maris
1630 4934 1824 5076 puriter
1855 4956 2010 5073 atqve
2037 4933 2092 5032 iu
