4525 5842
549 357 720 437 8ΕοΠο
748 360 981 447 SECUNDA.
1035 295 1268 447 OHORDLi
1566 377 1641 471 ‚73

239 574 335 631 Facu
353 569 449 625 Falun
467 567 533 622 Lin.
558 596 594 611 ·—
614 569 704 624 Gmal.
768 580 825 634 ¹3¹·
839 569 933 624 *dtu
953 570 981 625 d.
999 573 1070 628 Tab‘.
1090 585 1151 638 821.
1168 600 1204 616 -·
1222 572 1259 630 ΕΙ.
1275 525 1355 630 iton.
1377 589 1401 638 a,
1420 575 1447 649 ja
1473 595 1512 633 ιιι.
1530 575 1566 624 -’-
1584 578 1687 651 Κὸιιίς.

303 639 398 699 Mein,
422 636 523 718 Landt·
548 665 584 681 ·-
607 637 699 692 Sttom
729 637 832 720 'indam
851 661 881 696 ιι.
902 652 942 704 15.
969 644 1116 708 &Hena-
1136 645 1165 698 tl.
1185 663 1244 698 oac.
1263 663 1291 716 p.
1309 643 1371 714 926.
1397 672 1433 686 -
1461 647 1548 704 Turn.
1569 647 1631 719 Syn.
1655 668 1684 721 p.

301 720 364 783 353.
386 722 414 760 et
432 707 506 759 Httt.
525 705 595 760 Tab.
616 707 659 768 86.
679 734 713 749 -
727 708 801 777 larg.
821 708 878 778 atg.
897 708 967 765 Dec.
986 721 1012 775 3.
1031 728 1060 766 n.
1081 728 1104 766 1.

251 837 289 856 -
328 807 429 864 Tondo
447 807 535 878 Esper
555 805 628 861 aab.
647 825 690 864 aa.

237 909 515 1051 Cnafftfinnffllam
539 907 623 966 nou.
645 909 707 966 Cati
725 911 783 969 bot.
805 932 827 977 ι,
846 933 874 988 p.
897 917 1259 988 ¹47·-80h1¹¹¹²·E¹¹1¹m·
1280 936 1304 982 2,
1323 940 1350 993 p.
1374 891 1430 976 ιιι.
1450 949 1484 964 -
1504 919 1572 976 nae.
1593 917 1629 974 al.
1650 918 1682 973 fr.

244 1082 358 1139 casada
378 1082 471 1137 auum
488 1080 557 1138 Nar.
576 1082 650 1140 brist.
671 1084 776 1152 Intaod.
796 1106 823 1159 p.
843 1088 946 1144 XXIV.
966 1115 1001 1129 -
1012 1089 1095 1145 'Lam
1116 1090 1243 1146 Thaleta.
1263 1111 1290 1163 p.
1310 1108 1351 1160 27.
1461 1155 1467 1170 x
1545 1147 1549 1154 .

245 1183 407 1241 caoraasaa
425 1183 506 1239 Link.
526 1183 556 1237 in
575 1185 690 1240 Schrad.
710 1187 786 1242 Diae.
806 1186 864 1242 bot.
887 1200 959 1261 ¹809·
980 1202 997 1256 3
1015 1192 1046 1246 Β.
1070 1211 1091 1253 ι,
1110 1209 1137 1263 p.
1157 1203 1183 1257 3.
1209 1192 1280 1251 Tab.
1307 1212 1329 1249 ι.
1354 1194 1397 1267 fig.
1422 1206 1460 1260 13.

305 1315 341 1332 ..
423 1285 520 1342 falam
533 1281 582 1358 A'g.
604 1285 670 1360 Syn.¹
692 1285 720 1363 pL
743 1301 782 1354 ιε.
1287 1302 1291 1308 “
1363 1317 1377 1330 ··

237 1390 420 1463 flagellatio
430 1390 521 1445 attam
538 1388 607 1444 Nar.
627 1390 701 1446 britt.
722 1390 765 1446 ed.
785 1408 810 1444 2.
831 1393 938 1447 latrod.
955 1415 982 1468 p.
1001 1398 1056 1451 lx.·
1374 1427 1379 1434 ·
1581 1429 1585 1436 ·

235 1500 327 1552 Fatus
341 1490 548 1566 angasetsolius
565 1492 674 1563 ligulas
692 1492 827 1562 reserem.
850 1496 883 1548 C.
902 1496 992 1549 Bauli.
1013 1497 1069 1568 pin.
1090 1517 1116 1572 p.
1137 1500 1196 1567 364.
1215 1479 1252 1545 ..¹
1268 1498 1338 1572 Kyll.
1358 1473 1447 1555 virid}
1467 1521 1495 1573 p.
1516 1509 1560 1569 45.
1588 1521 1617 1559 ιι.
1637 1521 1662 1573 7.
1683 1469 1688 1486 .

272 1591 317 1639 -'
347 1614 368 1676 ι.
387 1595 478 1649 Filum
493 1589 672 1652 marium
691 1596 893 1650 darmannum
917 1598 1040 1653 Boacoa.
1068 1593 1144 1655 idua
1171 1600 1285 1659 diana.
1309 1620 1419 1675 p..271.
1437 1601 1474 1660 Τ.
1492 1620 1519 1676 7.
1537 1604 1583 1676 fig.
1602 1622 1629 1676 9.
1647 1633 1681 1650 -

307 1667 390 1719 Pena.
412 1660 524 1732 gazoph.
544 1662 579 1714 T.
599 1678 641 1729 9¹·
668 1662 713 1734 fig.
733 1677 759 1729 5.
1524 1727 1528 1734 ι

157 1803 206 1904 β)
230 1804 385 1899 inflata,
409 1803 538 1874 fronde
552 1803 829 1897 simplicissima,
853 1810 1000 1904 majori,
1021 1814 1121 1903 apice
1145 1813 1278 1924 inflata.

152 1977 198 2074 ,t
224 1973 888 2067 sanmaaonaeampaaaima,
913 1938 1259 2070 septimana,
1457 2014 1462 2020 ·
1638 1945 1643 1950 ’
1705 1993 1797 2066 na.
1821 1999 1877 2073 13.

100 2113 264 2220 Habitat
275 2148 321 2216 ad
338 2167 417 2216 oras
434 2142 561 2213 Daniae
579 2143 778 2215 man'timas
790 2145 969 2241 vulgaris,
996 2144 1037 2237 β.
1056 2159 1094 2218 et
1109 2176 1146 2252 y.
1161 2151 1199 2220 in
1215 2097 1296 2226 sinu
1311 2148 1529 2225 Othinienai.

114 2343 118 2350 '
150 2329 274 2401 DESC.
322 2329 430 2398 Radix
445 2327 546 2395 callus
564 2329 719 2412 exignus,
741 2331 951 2399 semiformis.
999 2331 1151 2400 Frondes
1171 2352 1365 2420 aggregatae,
1390 2354 1525 2416 teretes,
1550 2334 1680 2428 simpli-

235 2437 375 2504 cissimae
392 2482 402 2515 ,
425 2457 529 2498 unum
543 2431 663 2523 pedem
678 2433 719 2499 ad
736 2437 849 2519 viginti
864 2437 986 2520 longae,
1007 2438 1078 2502 basi
1093 2459 1236 2528 pennam
1253 2441 1455 2528 passerinam
1480 2439 1599 2505 deinde
1618 2466 1681 2506 an-

239 2541 386 2606 serinam
399 2538 542 2602 crassitie
569 2537 636 2602 lere
655 2556 833 2628 aeqvantes,
858 2539 985 2632 apicem
1008 2537 1121 2606 versus
1146 2557 1332 2623 attenuata,
1359 2541 1412 2608 vel
1433 2544 1468 2607 in
1490 2544 1682 2634 specimini-

242 2642 309 2706 bus
324 2641 461 2708 vetustis
475 2637 632 2730 spiraliter
645 2658 758 2721 tortae,
779 2643 866 2707 intus
888 2641 1047 2710 tubulosae
1069 2661 1101 2708 et
1123 2642 1289 2736 interdum
1311 2645 1456 2726 obsoleta
1479 2644 1678 2729 geniculatae,
1757 2719 1765 2740 ,
1819 2711 1825 2720 ,
1876 2713 1883 2724 ,

246 2743 299 2813 vel
311 2744 565 2836 dissepimentia,
587 2743 815 2829 geniculorum
830 2746 993 2829 adinstar,
1017 2745 1073 2811 hic
1096 2743 1164 2812 illic
1179 2749 1375 2837 interseptae.
1421 2748 1570 2840 Spatium
1584 2748 1680 2814 'inter
1759 2765 1763 2774 '

243 2848 390 2935 genicula
409 2850 546 2915 diversae
567 2844 803 2932 longitudinis,
829 2874 919 2919 nunc
944 2849 1069 2942 aliqvot
1094 2846 1214 2930 lineae,
1245 2871 1335 2917 nuno
1352 2843 1510 2943 pollicem
1531 2852 1688 2936 longum,‘.

240 2978 396 3035 vacuum,
421 2951 473 3020 vel
489 2975 585 3018 muco
601 2951 767 3020 interdum
782 2954 963 3045 repletum3
988 2952 1136 3038 genicula
1152 2970 1259 3019 tamen
1276 2956 1309 3018 in
1323 2955 1450 3040 multis,
1461 3035 1465 3044 ‚
1478 2960 1556 3047 qvin
1569 2956 1681 3050 pluri-

237 3061 301 3124 mis
318 3060 514 3126 nostratium
529 3058 665 3123 omnino
680 3060 807 3123 absunt.
849 3060 989 3123 Fructus
1006 3055 1136 3121 Semina
1150 3056 1239 3120 nuda
1253 3059 1466 3124 minutissima
1482 3059 1569 3124 fusca
1584 3061 1679 3148 pyri-

240 3164 380 3242 l'ormia,
402 3162 549 3252 partibus
565 3161 777 3227 inferioribus
792 3162 962 3228 attenuatis
978 3172 1078 3225 totam
1092 3158 1409 3225 externam'frondis
1424 3163 1578 3249 paginam
1595 3162 1691 3226 den-'

244 3270 369 3335 sissima
383 3266 575 3333 obsidentia.
622 3264 723 3333 Color
738 3264 1025 3332 fusco-olivaceus.
1073 3262 1260 3330 Substantia
1279 3261 1503 3348 cartilaginea,
1526 3280 1637 3342 tenant.¹
1684 3321 1689 3334 .

147 3418 249 3489 OBS.
296 3419 430 3486 chorda
443 3444 464 3483 a
477 3416 669 3484 Chordun'a
682 3418 803 3508 partim
820 3418 1028 3485 tubulositata
1041 3440 1116 3496 sua,
1143 3439 1213 3507 qva
1227 3417 1359 3481 maximi
1375 3416 1513 3486 habetur
1528 3407 1679 3483 momen-

242 3527 285 3605 ti,
312 3524 440 3604 differt,
465 3524 605 3612 partim,
628 3521 718 3613 qvod
732 3524 854 3590 semina
868 3523 1013 3589 Chordae
1027 3545 1101 3586 non·
1114 3537 1216 3586 totam
1230 3520 1359 3587 frondis
1368 3523 1583 3586 substantiam
1597 3546 1681 3587 con-

240 3631 396 3706 stituunt,
419 3626 479 3691 sed
491 3625 593 3692 modo
606 3643 734 3716 partem
748 3628 817 3709 ejus
839 3629 1034 3693 exteriorem
1055 3624 1207 3690 obsidere
1227 3624 1392 3691 sidentur.
1434 3627 1564 3691 Semina
1583 3627 1680 3708 hujus

242 3731 321 3815 algae
334 3730 522 3798 observanit
535 3748 567 3794 ct
580 3730 758 3795 delineavit
777 3729 850 3794 Cet
865 3730 1007 3795 Linaim
1029 3727 1052 3793 l.
1077 3751 1125 3809 aa,
1150 3753 1265 3795 eurum
1278 3728 1383 3792 atiani
1401 3730 1513 3793 'obiter
1534 3729 1683 3792 meminit

244 3834 313 3900 cet
330 3834 557 3899 Turneruain
572 3834 654 3898 llist.
670 3834 750 3898 Fuc.
766 3846 798 3912 2,
813 3854 848 3922 p.
863 3846 936 3905 122.
951 3835 986 3896 in
1002 3849 1137 3913 annot,
1155 3834 1213 3897 ubi
1225 3832 1266 3897 de
1279 3833 1373 3897 Face
1388 3832 1555 3897 cenulenta
1568 3829 1682 3921 loqvi-

180 3987 184 3994 -
245 3956 318 4019 atu-3
338 3938 409 4004 bac
422 3954 531 4002 antem
545 3937 686 4016 semina,
708 3936 843 4004 aifrons
858 3934 990 4001 cultello
1013 3933 1130 4000 leniter
1153 3937 1214 4001 sub
1238 3961 1321 4024 aqva
1340 3952 1482 4015 teratur,
1508 3933 1602 4002 facile
1626 3933 1682 3999 di-

245 4041 430 4120 vellantur,
452 4060 485 4106 et
500 4043 545 4106 sic
560 4039 641 4105 lenti
656 4042 799 4125 subjecta
813 4043 849 4104 in
865 4054 1077 4129 conspectum
1100 4039 1302 4116 observantis
1325 4041 1478 4122 veniunt3
1497 4041 1601 4132 iisqve
1627 4064 1682 4105 se-

237 4135 387 4211 minibus
399 4145 636 4235 pyrilormibua
651 4143 821 4210 lubricitas
836 4142 973 4233 plantae,
998 4141 1114 4219 oredo,
1139 4141 1290 4210 debetur.
1312 4174 1354 4195 ··-
1378 4146 1455 4210 Hac
1471 4168 1576 4237 ponto
1598 4142 1680 4224 alga,

239 4253 281 4315 in
297 4273 380 4339 aqva
392 4251 539 4328 fluitans,
563 4266 706 4314 tomento
724 4248 826 4313 denso
841 4246 1000 4312 albicante
1027 4248 1217 4313 tenuissimo
1237 4270 1302 4336 pua.
1320 4265 1422 4315 totam
1443 4247 1596 4314 frondem
1617 4244 1681 4308 ob-

240 4353 363 4430 ducta,
392 4352 555 4421 interdum
579 4353 797 4442 conspicitur,
828 4350 921 4441 qvod
939 4369 1065 4429 tamen,
1094 4351 1208 4443 planti
1230 4371 1270 4420 ex
1292 4373 1374 4441 aqva
1395 4351 1553 4426 extracta,
1575 4347 1682 4420 visam

266 4455 437 4546 lerumqve
451 4456 555 4539 fiagit5
577 4455 662 4521 illud
678 4472 877 4534 tomentum,
901 4454 982 4521 lenti
997 4456 1199 4538 subjectum,
1224 4481 1242 4520 a
1256 4456 1347 4522 fibris
1370 4448 1542 4544 pellucidis
1559 4449 1683 4514 articu-

271 4562 315 4626 tis
329 4578 483 4627 constare
496 4559 660 4643 cernitnr3
684 4560 842 4629 differunt
855 4577 962 4627 aunem
978 4559 1029 4625 hae
1044 4558 1136 4626 fibra
1154 4559 1194 4620 ab
1210 4559 1268 4635 iis,
1291 4580 1363 4643 qvae
1384 4556 1418 4622 in
1440 4555 1534 4620 Face
1547 4554 1683 4622 vesicu-

230 4668 308 4732 tom
325 4663 468 4753 aliiaqve
479 4682 676 4745 cernuntur,
696 4666 735 4739 in
751 4666 867 4754 qvibua
882 4660 1095 4730 fasciculatim
1115 4676 1286 4741 congcstae·
1298 4683 1328 4722 a
1338 4660 1429 4749 poris
1452 4656 1583 4736 clevatis
1605 4682 1683 4722 exe-

234 4787 317 4848 unt,
343 4769 380 4834 in
398 4792 455 4848 co,
481 4767 572 4858 qvod
592 4770 627 4835 in
647 4770 710 4834 hac
733 4769 859 4857 specie,
884 4784 923 4832 ut
943 4757 1039 4835 etiam
1059 4765 1094 4838 in
1122 4763 1212 4828 Ulva
1225 4760 1533 4851 plaatogiaafoliu,
1548 4747 1686 4848 ,Saytoai'

229 4885 443 4951 lamentosa,
456 4869 696 4959 foeniculaceo
710 4870 861 4961 aliisqvc,
883 4892 944 4959 per
959 4884 1058 4933 totam
1074 4865 1227 4932 frondem
1243 4865 1417 4957 parallele,
1442 4886 1478 4932 ut
1500 4870 1543 4934 ita
1563 4863 1681 4941 dicam,

224 4993 455 5072 sparguntur.
480 5012 522 5028 -
545 4978 695 5067 Deniqve
708 4978 787 5045 Van.
801 4980 836 5062 β.
853 4995 964 5038 ansam
979 4970 1048 5038 Cel.
1062 4971 1186 5040 Rotbio
1202 4970 1311 5052 dedit,
1332 4971 1417 5037 hanc
1439 4970 1581 5060 speciem
1599 4967 1685 5032 inter

1407 5077 1489 5166 (10)
