4525 5842
622 311 672 386 72
807 299 978 374 saeuo
1003 237 1239 371 saeuum.
1296 290 1608 369 casuummu
1630 233 1669 369 a
1690 296 1910 370 cuorus·

572 479 726 581 Habitat
736 515 774 581 in
791 512 900 582 fluvio
915 512 1042 601 rapido
1057 529 1172 601 prope
1188 508 1393 600 Reikjavils,
1419 511 1458 578 in
1481 507 1564 576 lacu
1587 508 1837 600 Thingevelle‚
1858 510 2003 603 aliisqve
2029 509 2147 584 fluviis

573 645 792 738 lacubusque
807 644 971 713 Islandioe
985 647 1146 735 copiose,
1170 643 1333 712 Hooker.
1359 679 1408 697 -
1434 642 1476 711 In
1491 625 1704 712 fluminibus'
1714 642 1912 736 Lappouiae
1938 647 2053 736 magis
2082 668 2149 737 pa·

575 781 683 849 cilicis
702 779 879 869 lapidibus
894 780 1105 867 adnascens‚
1143 774 1406 871 Waltleuherg.
1916 765 1923 780 '

619 941 744 1007 DESC.
790 941 895 1006 Radix
910 938 1010 1005 callus
1025 964 1156 1031 parvus.
1203 941 1311 1005 Frons
1328 940 1492 1022 gregaria,
1515 956 1580 1003 tres
1594 934 1730 1027 pollices
1755 938 1798 1004 ad
1812 938 1924 1030 plures
1947 939 2050 1032 pedes
2076 941 2151 1009 len-

708 1069 766 1129 ge,
789 1046 860 1110 basi
875 1043 918 1108 ad
935 1043 1139 1108 altitudinem
1153 1042 1246 1108 lineae
1260 1068 1361 1134 supra
1381 1041 1526 1108 radicem
1547 1058 1730 1123 attenuata,
1755 1067 1833 1108 mox
1860 1045 1967 1111 subito
1990 1046 2147 1127 obtusam,

708 1148 860 1239 aeqvalis.
884 1172 1026 1239 pennam
1038 1149 1241 1237 passerinam
1256 1166 1289 1211 et
1303 1146 1388 1211 ultra
1409 1171 1535 1227 crassa,
1560 1144 1756 1237 plerumqve
1780 1149 1823 1214 ob
1834 1150 2032 1215 'tenuitatem
2059 1175 2150 1217 com-

707 1276 838 1342 pressa,
864 1254 955 1343 apice
973 1253 1168 1330 incrassata,
1196 1250 1330 1316 clavata.
1378 1253 1518 1316 Fructus
1534 1249 1665 1318 Semina
1688 1251 1787 1331 nuda,
1815 1253 2001 1318 substautiae
2024 1254 2149 1324 frondis

708 1356 895 1423 inordinate
917 1357 1078 1420 immersa.
1124 1354 1226 1421 Color
1247 1353 1350 1420 dilute
1371 1354 1503 1435 uiridis3
1527 1356 1562 1418 iu
1590 1358 1857 1422 statu'cxsiccato
1884 1356 2030 1423 colorem
2055 1362 2150 1428 mode

711 1461 927 1526 virescentem
938 1463 974 1524 in
988 1460 1100 1524 charta
1115 1458 1282 1549 relinquit.
1329 1459 1514 1525 Substantia
1529 1461 1713 1538 tenerrima,
1731 1477 1773 1540 et,
1791 1463 1933 1550 exceptis
1947 1462 2087 1528 maculis
2101 1490 2150 1529 se·

710 1565 872 1630 miniseris
886 1563 1058 1641 viridibus,
1077 1581 1145 1629 tota
1161 1562 1302 1652 hyalina,
1327 1561 1576 1646 subgclatinosa,
1590 1564 1650 1628 sub
1667 1561 1753 1643 lente
1772 1587 1842 1629 non
1855 1565 2035 1655 reticulata.
2084 1571 2150 1635 An·

711 1693 787 1732 nua.
836 1668 964 1733 Chartae
985 1667 1164 1732 arctissime
1179 1666 1333 1731 adhaerct.

625 1816 719 1882 OBS.
767 1820 856 1882 Inter
870 1822 955 1881 hanc
971 1833 1004 1880 et
1019 1816 1259 1907 praecedentem
1276 1838 1393 1899 magna
1403 1815 1550 1879 affinitas.
1593 1814 1825 1882 Discernenda.
1841 1835 1948 1884 tamen
1963 1820 2014 1886 hae
2029 1828 2148 1913 species

715 1921 887 2001 ridentum
919 1918 974 1983 illa
995 1921 1100 1999 enim,
1130 1936 1210 1984 teste
1234 1920 1374 1998 Rullus,
1405 1921 1466 1984 sub
1489 1918 1576 1983 lente
1598 1938 1646 1984 est
1669 1920 1856 2001 reticulata,
1882 1923 2150 2011 quadrangulum

714 2024 784 2090 haec
798 2048 876 2090 vero
892 2023 1011 2089 fronde
1026 2021 1146 2109 gaudet
1164 2025 1297 2091 omnino
1313 2022 1462 2114 hyalina,
1484 2047 1554 2088 non
1577 2019 1764 2105 reticulata,
1790 2049 1860 2115 qvae
1882 2045 2041 2116 preterea
2063 2033 2150 2122 apice

717 2127 842 2201 clavata
855 2146 913 2193 est.

387 2328 477 2400 Tab.
497 2337 556 2409 18.
609 2387 612 2396 .
658 2338 695 2408 8.
746 2328 794 2397 G.
805 2324 937 2413 ovale5
961 2325 1092 2396 fronde
1113 2324 1441 2415 sabuloso-inflata,
1465 2325 1573 2415 evall,
1599 2325 1767 2417 simplici,
1789 2315 2019 2400 tenacissima.

584 2492 800 2598 Habitat'ad
813 2494 977 2564 infimum
990 2493 1149 2562 refluxus
1164 2492 1316 2563 limitem
1328 2493 1459 2563 littoris
1476 2494 1698 2585 Faerocnsis,
1719 2503 1761 2565 ut
1777 2498 1822 2567 ad
1840 2497 1986 2592 Qvivig,
2010 2499 2153 2598 Hayug

585 2621 672 2717 fite,
696 2628 846 2720 rupibus
861 2630 1037 2699 tenaciter
1054 2627 1313 2698 adhaerescens.

631 2786 755 2853 DESc.
803 2789 905 2853 Radix
930 2791 1055 2869 exigua.
1101 2786 1251 2852 Frondes
1275 2787 1444 2869 gregariae‚
1469 2785 1511 2852 ad
1534 2788 1628 2852 basin
1653 2809 1847 2875 angustatae,
1871 2818 1948 2862 mex
1969 2797 2005 2862 in
2030 2803 2155 2868 seminis

718 2889 796 2957 Pisi
809 2892 909 2954 sativi
921 2890 1180 2972 magnitudinem
1194 2891 1451 2971 intumescentes,
1473 2889 1553 2955 duas
1570 2910 1675 2959 tresve
1690 2893 1791 2962 lineas
1803 2900 1932 2965 circiter
1947 2900 2065 2987 longae,
2087 2907 2155 2996 api-

720 3015 758 3056 ce
772 2993 915 3073 ebtusae,
941 2995 1027 3059 intus
1041 3018 1146 3060 massa
1159 3017 1279 3083 aqvosa
1294 2993 1502 3062 vindescente
1519 2971 1669 3086 replete,
1692 2999 1831 3092 ideoqve
1849 3002 2005 3071 distentae.
2054 3011 2156 3075 Fruc-

721 3112 772 3160 tus
799 3098 994 3180 inccgnitus.
1050 3098 1153 3164 Color
1182 3097 1308 3164 viridis.
1368 3097 1554 3164 Substantia
1581 3102 1844 3187 membranacea,
1879 3133 1949 3176 nen
1971 3111 2155 3194 gelasinus,

720 3199 779 3266 sed
792 3224 856 3291 pro
872 3204 1025 3278 tenuitate
1041 3202 1253 3280 tenacissima,
1270 3201 1330 3265 sub
1343 3196 1430 3265 lente
1447 3203 1662 3272 minutissime
1676 3225 1841 3298 punctata.
1865 3213 2007 3281 Aestate.
2032 3217 2156 3283 Chartae

722 3328 792 3369 non
808 3303 964 3368 adhaeret.

637 3453 729 3520 OBS.
778 3450 920 3539 Qvando
936 3452 1124 3543 arupihus‚
1151 3455 1268 3544 quibus
1289 3454 1489 3521 tenacissime
1504 3460 1691 3542 adhaerent,
1714 3463 1820 3531 cultro
1840 3465 1891 3532 vel
1906 3468 2004 3534 simili
2020 3474 2159 3561 qvodatn
2233 3469 2234 3474 ἵ

725 3557 941 3621 instrumento
959 3554 1176 3636 divelluntur,
1201 3559 1239 3621 iu
1254 3582 1337 3648 aqva
1354 3558 1412 3623 diu
1428 3560 1592 3651 spiraliter
1610 3583 1821 3656 torquentur,
1847 3571 1929 3638 adeo
1954 3593 1990 3658 ut
2013 3581 2159 3645 manibus

615 3743 620 3748 1
683 3734 687 3738 ,
725 3660 886 3749 captaturi
904 3658 1056 3724 facillime
1082 3659 1262 3726 elabantur.
1306 3664 1414 3728 Massa
1438 3666 1565 3731 interna
1587 3689 1756 3752 evacuata,
1783 3673 1918 3742 frondes
1943 3679 2160 3762 collabuntur,

725 3782 758 3829 et
779 3786 864 3853 saepe
892 3761 1021 3852 hyalina
1050 3782 1220 3854 apparent.
1265 3765 1319 3832 Ad
1344 3767 1464 3834 insulas
1489 3773 1677 3839 Faeruenses
1702 3800 1770 3842 nen
1792 3779 1855 3842 nisi
1875 3802 1988 3869 parvae
2011 3785 2161 3867 evadunt,

725 3866 784 3932 sed
799 3865 995 3957 exemplaria
1010 3867 1078 3934 vidi
1098 3872 1132 3934 in
1146 3870 1300 3937 herbario
1316 3871 1385 3937 Cel.
1406 3870 1447 3944 V
1441 3876 1527 3939 aluis·
1533 3924 1545 3954 ,
1570 3902 1609 3943 ex
1625 3878 1732 3944 insula
1755 3879 1801 3947 St.
1816 3882 1931 3951 Crucis
1955 3886 2069 3971 allata,
2090 3914 2162 3982 qvae

723 3993 824 4037 ovum
836 3970 1060 4039 columbinum
1074 3973 1298 4059 magnitudine
1320 3995 1525 4066 exsuperant.

1220 4207 1543 4235 *Q

1096 4425 1220 4562 xm.
1303 4425 1660 4562 cuorus.

650 4596 734 4650 Frons
753 4612 839 4664 taras,
857 4601 1003 4668 sabulosa,
1024 4603 1234 4678 simplicissima.
1271 4606 1383 4663 Semina
1401 4609 1475 4665 nuda
1498 4611 1527 4666 iu
1543 4632 1625 4670 muco
1646 4613 1773 4671 frondem
1792 4619 1930 4678 ambiente
1947 4620 2115 4696 nidulsntia.

403 4765 573 4848 Tab.18.'
699 4773 733 4841 1.
785 4759 846 4834 ct.
861 4764 1010 4856 Filum3
1035 4766 1165 4868 fronde
1180 4780 1317 4866 terete,
1340 4765 1616 4872 simplicissima,
1644 4745 1814 4876 utrinque
1827 4795 2020 4878 attenuate,
2039 4813 2176 4863 senee-

599 4904 679 4968 tute
697 4895 828 4990 spirali.
