4525 5842
504 376 676 450 SECTIO
700 373 929 468 QVARTA.
966 376 1248 453 CONFERVA.
1538 378 1619 475 159·

211 588 361 658 crassitie
374 587 492 673 aeqvat,
514 585 593 674 qvin
606 584 704 648 etiam
717 584 856 663 excedit,
871 583 997 649 lubrica
1007 582 1216 673 mollioriqve
1227 601 1390 649 structura
1405 583 1533 668 differt3
1555 607 1661 651 mem-

213 699 318 762 brana
338 690 473 758 filorum
495 689 693 754 crassiorum
708 689 770 753 sub
790 687 878 753 lente
900 713 961 753 nec
982 705 1137 778 punctata
1153 711 1213 752 nec
1232 688 1402 754 reticulata
1416 701 1569 780 apparet,
1595 689 1664 769 sed,

211 821 318 865 massa
339 797 468 859 interna
491 791 665 877 granulosa
687 810 915 872 evanescente,
948 795 1084 860 omnino
1106 791 1250 881 hyalino.
1299 795 1452 858 Ceterum
1476 818 1551 859 curn
1580 795 1665 859 hanc

211 905 488 996 speciemcontra
505 895 585 962 alios
601 921 765 963 ramosam
780 895 958 986 descripsi,
988 921 1122 963 monere
1144 894 1257 975 liceat,
1289 921 1341 963 me
1357 902 1535 988 specimina
1556 924 1574 963 a
1595 897 1664 965 Cel.

216 1010 276 1076 W
272 1001 489 1072 ornaakioldio
502 999 585 1065 lecta
602 997 847 1085 diligentissime
857 1002 1072 1090 inqvisirisse.
1090 1024 1161 1090 qva
1175 1021 1250 1065 cum
1264 1000 1306 1066 ad
1320 1003 1413 1066 basin
1428 1025 1558 1068 ramosa
1571 1027 1665 1067 com-

210 1113 392 1204 perissem,
415 1107 587 1186 meritum,
612 1123 647 1171 ut
662 1108 807 1186 videtur,
832 1108 868 1171 in
881 1105 943 1170 hac
962 1104 1185 1170 subdivisione
1203 1105 1280 1182 huic
1295 1108 1416 1196 speciei
1435 1107 1546 1174 looun
1562 1110 1665 1192 assig-

212 1216 303 1282 navi.
328 1248 370 1264 -
393 1214 433 1277 In
451 1233 572 1276 nomen
589 1210 874 1295 grosulandicum‚
909 1210 999 1299 qvod
1017 1209 1214 1298 Agordlrius
1237 1211 1416 1275 secundum
1434 1213 1491 1277 W
1488 1212 1664 1276 armaliol-

213 1321 311 1385 dium
325 1314 444 1394 attulit,
471 1339 564 1380 error
579 1316 650 1379 sine
662 1314 764 1380 dubio
780 1315 931 1408 irrepsit,
954 1336 1033 1378 nam
1045 1311 1446 1396 vocabulumUocrossib
1459 1333 1491 1380 et
1505 1305 1663 1381 Fabricio
1729 1285 1734 1292 ι

219 1442 251 1490 et
263 1421 421 1490 Giesakio
435 1421 508 1485 erat
522 1422 681 1503 ignotum.

161 1676 238 1749 44..
282 1666 318 1736 C.
333 1656 580 1752 obtusangulo
590 1679 604 1745 ,·
630 1656 699 1726 filis
712 1656 873 1746 ramosis,
895 1654 1079 1745 flexuosis,
1097 1656 1243 1746 crispis3
1265 1657 1375 1724 ramis
1394 1659 1556 1746 remotis,
1571 1657 1665 1728 sub·
1688 1659 1779 1730 Tab.
1799 1666 1862 1741 55.

78 1801 325 1893 simplicibus,
351 1796 480 1889 angulo
493 1793 689 1864 rotundato
710 1789 944 1880 exeuntibus3
974 1788 1136 1858 articulis
1158 1789 1336 1860 diametro
1355 1789 1468 1879 duplo
1488 1790 1668 1884 longiori·

79 1937 176 2028 bus3
204 1932 373 2026 geniculis
394 1928 597 2022 pellucidis.

223 2092 367 2166 conferva
387 2097 501 2161 riparia
521 2087 616 2144 Dillsv.
635 2085 740 2142 Introd.
761 2067 985 2158 n.⁸i'1t.Suppl.
1004 2085 1075 2139 Tab.
1093 2086 1128 2139 E.

82 2238 238 2308 Habitat
250 2237 294 2305 ad
308 2232 445 2305 insulas
459 2232 680 2316 Faeroemm,
693 2228 843 2318 rupibus
866 2224 1064 2297 declivibus
1080 2227 1269 2296 maritimis
1286 2229 1326 2297 in
1345 2249 1490 2298 summo
1503 2229 1667 2299 resstmrs

84 2373 199 2442 limite
212 2372 272 2440 bic
284 2369 378 2458 illic,
402 2377 444 2436 ut
459 2368 507 2435 ad
521 2364 605 2433 Naes
622 2371 659 2430 et
672 2359 804 2450 Qvivig
817 2337 1002 2476 Osteriie,
1015 2362 1162 2461 oppiose
1177 2361 1327 2450 adnata,
1355 2362 1464 2431 etiam
1488 2364 1537 2431 ad
1552 2383 1663 2451 rupes

81 2507 311 2592 maritimas,
333 2525 414 2595 qtae
433 2524 518 2591 aqra
531 2496 628 2569 dulci
642 2498 865 2581 irrorantur,
890 2502 932 2562 ut
946 2494 993 2562 atl
1007 2491 1266 2561 Nosocomium
1279 2489 1378 2583 Arge
1391 2516 1508 2585 prope
1522 2494 1669 2563 Thars-

80 2637 197 2710 ham.
224 2672 275 2690 -
302 2633 363 2704 Ad
383 2628 786 2735 littoraGroenlandiae3
812 2625 930 2697 Herb.
947 2625 1008 2695 W
1002 2622 1241 2692 ormskioldii.
1283 2612 1293 2626 ’

136 2797 264 2865 DESC.
312 2796 464 2885 Caespites
479 2819 539 2885 per
555 2815 656 2883 rupes
671 2793 829 2880 abruptas
838 2784 891 2853 vel
906 2783 1051 2851 declives
1064 2783 1218 2875 penduli,
1240 2783 1380 2874 palmari
1398 2800 1430 2849 et
1448 2782 1534 2850 ultra
1551 2803 1671 2852 exten·

221 2905 335 2980 sione,
357 2899 509 2974 flexuosi,
534 2897 667 2963 bullosi.
714 2894 789 2961 Fila
803 2892 942 2958 maxime
957 2891 1126 2968 intricata,
1151 2887 1307 2982 capillum
1329 2889 1508 2954 humanum
1524 2892 1669 2956 crassitie
1768 2931 1773 2943 ·

219 3006 401 3095 aequantia,
429 3002 573 3090 fragilia,
597 3025 746 3080 ramosa3
774 2999 856 3061 rami
871 2997 1007 3072 remoti,
1038 2993 1226 3071 divaricari,
1248 2991 1300 3058 vel
1319 2993 1581 3073 subdichotomi,
1606 3020 1676 3059 ans
1739 2995 1742 3000 ’

220 3110 304 3197 gulis
318 3109 595 3202 dichotomiarum
607 3106 777 3189 insigniter
793 3097 988 3168 rotundatis.
1021 3093 1164 3161 Articuli
1179 3095 1338 3164 diametro
1352 3095 1476 3184 2·3plo
1490 3096 1667 3181 longiores.

227 3214 384 3280 Genicula
404 3213 589 3305 pellucido,
618 3209 671 3277 vel
688 3211 731 3274 ob
753 3227 892 3272 massam
907 3204 1069 3266 internam
1094 3196 1314 3262 confluentem
1330 3199 1553 3287 inconspicua.
1601 3201 1671 3265 Co-

230 3316 283 3383 lor
298 3319 434 3408 caespitis
452 3316 568 3384 viridis
586 3313 638 3383 vel
652 3314 696 3380 ob
710 3310 886 3378 elationem
906 3307 1110 3395 srcqventem
1126 3297 1261 3368 sordide
1275 3301 1462 3367 flavescens.
1509 3300 1676 3366 Substan-

229 3424 271 3486 tia
286 3421 417 3487 filorum
433 3417 656 3504 rigidiuscula,
682 3415 821 3501 fragilis,
843 3416 877 3477 in
899 3408 1044 3475 articulis
1059 3406 1154 3471 facile
1171 3406 1353 3504 secedens,
1366 3406 1429 3473 sub
1443 3403 1577 3473 cultello
1597 3430 1676 3471 ete-

225 3529 345 3618 pitans.
392 3528 480 3595 Vere
503 3541 536 3588 et
561 3539 683 3588 aestate.
722 3518 850 3585 Chartae
866 3541 936 3583 non
951 3513 1112 3582 adheret.

169 3778 231 3851 45.
287 3769 323 3839 C.
333 3765 585 3859 ferrugineo,
610 3761 677 3832 filis
691 3761 960 3848 ramosissimis,
984 3754 1253 3841 minutissimis,
1277 3750 1435 3822 flaccidis
1447 3772 1460 3839 3
1481 3751 1593 3822 ramis
1606 3773 1674 3820 ra-
1694 3752 1790 3824 Tab.
1809 3759 1872 3833 55.

83 3903 270 3997 anulisqve
286 3902 548 3992 suboppositis3
562 3896 721 3969 articulis
741 3895 918 3964 diametro
930 3888 1042 3980 triplo
1054 3885 1292 3977 longioribus,
1311 3882 1486 3975 geniculis
1501 3883 1675 3960 chromis.

135 4069 302 4142 Habitat
315 4070 362 4138 ad
374 4066 506 4137 insulas
522 4067 742 4151 Faeroenses,
754 4059 906 4150 rupibus
922 4051 1110 4128 maritimis
1124 4053 1286 4140 abruptis
1301 4053 1340 4120 in
1354 4073 1501 4122 summu
1512 4051 1674 4121 refluxus

75 4206 208 4276 limite
227 4202 484 4288 adhaerescens,
498 4210 541 4268 ut
557 4201 603 4268 ad
618 4198 704 4267 Naes
718 4187 869 4266 (laterbe
882 4199 919 4259 et
935 4191 982 4258 ad
994 4187 1143 4278 Hiiyvig
1155 4207 1272 4276 prope
1283 4183 1513 4256 'I'borshavm
1551 4187 1675 4253 Etiam

82 4342 132 4408 ad
146 4339 263 4409 littus
282 4333 551 4427 Groenlandiae3
573 4331 690 4402 Herb.
719 4329 779 4400 W
772 4323 1011 4396 ormskioldii.
1251 4315 1253 4322 ’

137 4496 271 4564 DESc.
322 4495 471 4585 Cespites
484 4520 550 4586 per
562 4518 662 4584 rupes
679 4493 837 4580 abruptas
850 4485 1008 4578 penduli,
1030 4485 1153 4560 stricti,
1176 4480 1322 4556 flaccidi,
1347 4491 1411 4550 2-3
1422 4472 1558 4564 pollices
1574 4470 1678 4560 longi.

227 4598 304 4667 Fila
318 4617 422 4682 recta,
445 4603 588 4665 invicem
602 4599 664 4663 sibi
678 4614 831 4685 tamqvam
847 4590 972 4658 viscide
984 4586 1193 4673 agglutinata,
1211 4583 1448 4660 ramosissima3
1469 4578 1552 4642 rami
1564 4601 1681 4644 ramu-

230 4704 317 4795 liqve
331 4704 529 4795 plerumqre
545 4703 701 4794 oppositi,
715 4695 881 4764 interdum
897 4693 1023 4769 alterni,
1039 4704 1199 4779 patentes.
1231 4684 1373 4752 Articuli
1384 4682 1545 4750 diametro
1557 4682 1680 4774 2-4plo

229 4809 410 4893 longiores,
432 4811 518 4874 intus
532 4802 822 4873 linearum-lusca
835 4800 886 4865 vel
900 4820 1006 4866 massa
1019 4793 1167 4859 dssutiori
1180 4789 1313 4881 repleti.
1353 4788 1513 4856 Gonicula
1526 4788 1682 4852 obscura.

229 4913 336 4980 Color
353 4912 537 4980 fulvescens
550 4909 602 4978 rel
617 4909 830 4993 serrugmens.
874 4900 1062 4968 Substantia
1074 4898 1264 4976 tenerrima,
1285 4893 1395 4976 lanu,
1417 4889 1553 4961 v'iscida.
1591 4889 1682 4955 vere

230 5035 400 5085 erasure.
447 5017 579 5085 Charta
596 5016 683 5080 hena
696 5012 855 5077 adhaeret.-
